2822 5088
493 259 551 273 ··-·
608 237 724 298 XXiX
779 261 838 276 ····

87 416 288 512 magnoin
304 413 548 488 conciturum·
567 413 778 507 frequentia
801 435 923 488 sermo
950 415 1187 491 iniectoscct
1205 419 1252 493 de

86 573 198 624 versu
224 547 495 640 Ari'stc‘pimnis·
515 545 684 620 'Nobiurn
704 560 803 620 «180.
831 551 871 621 in
900 571 973 644 quo
1002 547 1204 646 θοιμάτιον
1225 577 1253 628 a

76 708 143 758 *mo
173 657 256 758 erat
287 683 329 754 in
364 675 555 777 θυμᾶτιω
587 691 777 754 mutatum.
807 733 811 740 ,
845 682 911 756 lbi.
942 707 1054 778 quum
1082 688 1254 762 dicerem

82 807 285 911 Reisigio,
308 837 385 890 non
400 816 569 904 dubito,
592 816 683 909 quin
702 817 1000 892 tujauditoribns
1020 820 1115 909 tuis,
1141 843 1255 915 quum

82 952 198 1024 illam:
212 951 509 1044 emendationem
518 951 860 1044 'conrmcniorabom
869 987 874 997 ·
884 953 1157 1030 occlaomreris
1168 977 1254 1041 esse

83 1086 349 1180 *firmissimam
379 1085 568 1179 profecto,
598 1085 746 1179 inquit,
770 1085 854 1164 dixi
877 1085 961 1157 hoc.
1010 1085 1119 1159 il'om·
1140 1091 1256 1163 noto

60 1241 171 1290 -cum
197 1221 450 1313 risn,·„qnnm·
469 1219 551 1310 ipse
574 1219 753 1292 attulerat
780 1219 1090 1313 explicationem,
1128 1221 1257 1322 contro

87 1353 324 1424 mechonices
351 1354 454 1448 teges
475 1363 681 1423 extremam
706 1361 850 1444 partem
869 1354 1038 1424 veruculi
1060 1354 1189 1448 digitis
1208 1359 1257 1428 ab
1346 1379 1351 1396 “

92 1481 250 1564 Socrate
286 1487 469 1558 inflexam
502 1485 697 1574 dictitans,
743 1485 797 1556 ita
831 1485 868 1555 ei
902 1497 1050 1560 extorta
1089 1497 1165 1574 est,
1215 1500 1258 1561 ut
1303 1457 1311 1480 Ι

13 1591 14 1594 ¹
91 1632 278 1716 postremo
318 1618 486 1690 confiteri
523 1641 688 1690 errorem
729 1627 945 1712 cogeretur,
988 1619 1257 1714 verissimeque

94 1756 296 1848 repositum
322 1773 407 1822 esse
434 1754 655 1825 concederet
680 1747 880 1850 deprimor.
930 1751 970 1823 Is
997 1753 1079 1824 dies
1104 1755 1263 1834 ultimus

92 1891 181 1977 fuit,
223 1910 296 1981 qno
329 1909 414 1956 eum
447 1887 545 1976 vidi,
585 1887 767 1981 bonisque
795 1908 879 1959 cum
906 1886 1004 1956 votis
1039 1896 1077 1958 et
1108 1889 1259 1960 monitis

95 2045 173 2108 snm
202 2029 463 2115 prosequutus,
523 2019 748 2114 Sperabam,
785 2021 820 2091 si
844 2021 1045 2091 multorom
1070 2019 1260 2094 hominum

95 2176 217 2226 mores
242 2153 401 2224 vidisset
427 2163 466 2224 et
486 2156 619 2238 urbes,
656 2154 923 2247 didicissetque
948 2175 1023 2226 non
1050 2175 1134 2224 esso
1160 2175 1260 2226 erra-

93 2311 134 2360 re
148 2277 285 2380 turpe,
320 2286 355 2356 si
376 2287 458 2357 sine
484 2271 714 2382 turpitudine
742 2297 951 2374 erraretur,
980 2307 1154 2380 magnum
1178 2287 1262 2360 fore

93 2425 220 2495 lumen
245 2421 382 2492 litteris
408 2430 446 2491 et
471 2421 933 2492 eximium·ornamentum
957 2422 1111 2512 patriae.
1163 2421 1262 2494 Nam

95 2557 157 2626 ilie
184 2577 291 2626 amor
323 2554 422 2642 veri,
455 2554 523 2627 illo
556 2555 778 2648 contemptio
806 2555 926 2626 falsae
959 2573 1149 2624 aoranae
1182 2556 1261 2647 gio·

97 2691 191 2777 riae,
234 2661 304 2759 ilia
340 2688 459 2758 animi
497 2688 713 2782 magnitudo
752 2709 828 2757 non
864 2686 1144 2758 reformidantis
1176 2709 1261 2759 con·

100 2823 292 2912 rictionem
321 2821 481 2919 erroris,
523 2812 590 2891 sed
627 2820 878 2892 existimantis
917 2819 1064 2891 initium
1097 2843 1173 2892 non
1205 2843 1262 2893 er·

96 2957 204 3028 randi
230 2977 334 3042 esse,
370 2953 462 3026 haec
488 2976 534 3025 ea
562 2964 668 3040 sunt,
710 2976 806 3048 quae
840 2976 910 3048 ego
944 2964 982 3024 et
1022 2955 1262 3028 excitarein

96 3091 230 3162 animis
253 3089 427 3160 iuvenum
454 3098 492 3158 et
517 3089 620 3158 alere
649 3089 778 3180 cupio;
811 3087 904 3158 haec
936 3087 1125 3158 vinculum
1156 3089 1261 3176 illud,

96 3247 168 3318 quo
197 3245 274 3316 ego·
300 3231 338 3314 et
371 3223 473 3314 ipsos
493 3217 604 3292 ”inter
639 3243 722 3291 sese
755 3231 793 3291 et
823 3241 966 3290 mecum
993 3221 1169 3314 coniungi
1197 3243 1262 3290 ex-

95 3367 198 3450 peto3
226 3355 318 3428 hacc
342 3355 400 3426 vis
425 3355 493 3424 illa
517 3355 676 3442 invicta,
707 3375 780 3448 qua
809 3353 914 3424 firmo
940 3363 1051 3448 atque
1076 3354 1263 3447 intrepido

95 3492 216 3585 gradu
251 3491 455 3581 procedunt
491 3489 721 3560 incrementa
761 3488 1032 3576 doctrinarum3
1076 3487 1167 3558 hoec
1202 3489 1263 3558 via

94 3645 173 3696 non¹
200 3623 248 3693 ad
282 3632 513 3714 praesentem
546 3623 828 3726 admirationem
861 3621 966 3714 vulgi
1004 3642 1054 3690 ex
1090 3622 1262 3694 clamoris

97 3756 353 3852 magnitudine
386 3757 530 3848 pondus
561 3755 743 3826 dictorum
770 3754 1002 3834 aestimantis
1027 3765 1159 3848 atque,
1197 3755 1263 3826 nbi

94 3892 239 3963 fumum
261 3889 380 3977 videt,
413 3891 533 3960 lucem
559 3911 643 3960 esse
668 3887 851 3981 putantis,
877 3891 944 3961 sed
973 3889 1020 3959 ad
1048 3890 1263 3960 duraturam

94 4023 400 4117 approbationem
431 4023 621 4094 doctorum
653 4030 764 4118 atque
803 4023 1052 4110 eruditorum,
1091 4045 1167 4092 uon
1192 4022 1264 4092 tin·

98 4159 176 4229 nitu
201 4157 370 4241 aurium,
407 4139 475 4226 sed
506 4158 640 4226 mentis
667 4157 752 4226 acie
777 4157 1038 4243 iudicantium,
1072 4157 1264 4248 lucemque

96 4313 180 4361 esse
210 4291 461 4376 censentium,
503 4291 570 4360 ubi
601 4300 775 4360 cernatur
803 4289 945 4387 aliquid
975 4288 1086 4358 olore.
1139 4289 1263 4381 Atque

95 4421 166 4494 hoc
198 4423 255 4492 ita
286 4445 355 4517 per
383 4421 582 4500 Societatis
618 4418 787 4498 Graecae
820 4421 1085 4540 amicissimum
1116 4444 1263 4494 consor·
