2770 5082
610 257 668 268 -
731 199 1020 340 lllllss--sl¹

374 413 525 486 Πολλάκι
557 409 674 506 ματέ’ρ
700 411 826 518 ἐρώτων
860 411 1018 531 οὐρανίαν
1047 409 1209 503 πτάμεναι
1244 405 1343 504 νόημα

810 509 937 587 ποινάν
961 511 1189 612 Αφροὸίταν,

299 673 301 680 ·
369 616 524 710 ’'‘Ympm
510 612 533 690 ά
560 649 579 690 τ
586 616 790 692 ’άνωθεν’
771 619 975 710 αααγσρὶας

371 725 530 816 Ειιοριν,
556 715 583 793 ὦ
609 729 739 807 παῖδες,
764 723 942 850 ἐρατειναῖς
969 731 1004 792 ἐν
1028 721 1137 802 εὐναῖς
1237 751 1242 766 ·

375 831 574 908 Μαλθακᾶς
608 823 697 919 ὥρας
720 820 792 895 άπὸ
827 821 955 916 καρπὸν
988 825 1190 942 δρέπεσθαι·
1232 819 1341 900 olud'

809 923 941 1019 detrec
965 926 1034 1000 πᾶν
1061 925 1173 998 καλόν.

183 1027 408 1122 Ἀρξάμινός
415 1027 461 1104 θ
481 1023 582 1114 οὕτως
613 1033 686 1118 ίξῆς
711 1057 832 1128 φησιν·

187 1135 284 1225 (Ἐπ.
297 1135 349 1226 α’)
371 1132 479 1206 Ἀλλά
509 1135 673 1227 θαυμάζω
695 1134 727 1205 τί
751 1164 790 1226 με
814 1136 936 1220 λέξουσι
960 1130 1105 1226 Ἰσθμοῦ
1129 1129 1288 1204 δεσπόται

382 1233 522 1310 Τοιάνδε
552 1245 748 1333 μελίφρονος
780 1235 889 1330 άρχόιν
914 1239 1091 1330 εὑρόμενον
1116 1243 1254 1308 onolton

378 1339 550 1433 Ξονάορον
579 1345 693 1430 ξυναῖς
720 1343 875 1432 γυναιξίν.
1230 1411 1235 1430 ,

188 1445 296 1531 ’Δῆλον
317 1439 382 1538 γάρ
408 1445 460 1517 ὅτι
481 1441 565 1538 πρὸς
582 1441 641 1527 τάς
663 1450 794 1568 ἑταίρας
820 1442 1081 1533 διαλιγόμενος’
1065 1445 1189 1530 ημωνία
1213 1451 1308 1512 notor
1321 1466 1344 1507 tt
1373 1482 1374 1510 ;

187 1545 373 1642 ’φανήσεται
404 1563 474 1630 τοῖς
511 1554 713 1642 Κορινθίοις
748 1543 787 1618 τό
822 1548 974 1637 πρᾶγμα·
1019 1543 1181 1616 πιστεύων
1218 1549 1331 1626 emo
1310 1537 1345 1621 ὡς

188 1648 308 1736 ἔοικεν,
342 1649 443 1732 αὐτὸς
464 1653 570 1744 saura
595 1677 767 1777 πεποιιρκεν
789 1651 928 1732 εὐθέως·

143 1823 147 1831 x
188 1755 294 1846 (Στρ.
309 1752 388 1844 (ί),
414 1752 596 1842 Διδάξαμιν
613 1751 736 1846 χρυσὸν
760 1759 900 1850 καθαρᾷ
924 1749 1068 1844 βασάνῳ.
1130 1776 1146 1834 ᾖ

192 1857 196 1864 ’
293 1851 349 1922 Sic
367 1859 467 1944 igitur
487 1856 674 1923 Boeclrhiu's
698 1880 848 1924 numeros
870 1859 963 1923 huius
983 1853 1137 1923 carminis
1160 1857 1195 1920 in
1214 1853 1343 1919 ordinem
1369 1849 1375 1862 ”

189 1960 323 2046 redegit,
340 1970 375 2024 ut
390 1963 494 2046 prima
509 1961 642 2048 stropha
656 1964 731 2027 inde
748 1985 767 2027 a
780 1959 887 2027 verbis
901 1953 1073 2042 πολύξεναι
1096 1954 1172 2027 νεάν
1193 1962 1345 2024 continue·

164 2071 395 2152 -retur‘usque'
418 2064 459 2130 ad
481 2068 558 2130 ista:
587 2058 650 2134 orla
673 2064 705 2132 δ’
724 2047 854 2157 άνάμιιςι
879 2067 946 2133 πάν
968 2060 1084 2140 καλόν,
1114 2076 1150 2126 ut
1164 2084 1228 2126 sex
1246 2079 1344 2126 versus

190 2163 465 2250 complecteretur.
510 2167 595 2232 Tum
610 2172 709 2257 igitur
722 2167 924 2254 antistropha
937 2167 1133 2242 interciderit
1147 2187 1278 2230 necesse
1292 2175 1344 2226 est:

189 2268 273 2333 hano
290 2270 406 2336 dein'de
420 2271 543 2357 excipit
559 2273 682 2358 epodus
700 2275 822 2359 prima:
845 2266 953 2341 'Attal
975 2269 1138 2354 θαυμάζω
1153 2275 1188 2338 τί
1203 2294 1242 2353 με
1255 2267 1345 2350 λέξον·

189 2397 221 2452 τι
237 2375 304 2440 κτλ.
357 2371 519 2461 Integram
537 2397 612 2440 vero
631 2375 715 2440 hanc
730 2377 868 2462 epodum
887 2397 960 2440 esse
979 2397 1091 2460 parum
1110 2386 1159 2436 est
1172 2369 1343 2458 probabile:

191 2473 371 2564 aequabilis
398 2480 485 2542 enim
507 2476 565 2554 lex
598 2479 766 2556 carminis,
800 2501 882 2565 quae
910 2459 1204 2566 diligentissimae
1225 2474 1344 2539 Graccis

159 2643 164 2652 ,
190 2583 298 2665 poetis
319 2578 404 2644 solet
429 2578 613 2660 observari,
646 2603 711 2648 non
735 2581 830 2648 facile
857 2584 975 2668 patitur
998 2579 1064 2644 tam
1089 2579 1216 2664 dispari
1240 2576 1344 2641 ambitu

189 2681 338 2768 strophas
354 2695 386 2747 et
400 2683 522 2768 epodos
537 2707 620 2750 esso.
671 2685 713 2749 Et
728 2687 849 2770 perisse
866 2685 1050 2770 quaedam
1040 2706 1073 2747 m
1089 2697 1241 2747 extrema
1255 2680 1343 2768 epodo

193 2789 294 2850 credit
318 2789 415 2850 etiam
433 2785 640 2867 Boeckbius‚
669 2787 794 2880 quibis
817 2785 925 2852 verbis
945 2780 1054 2855 Ἀλλά
1077 2781 1247 2873 θαυμάζω
1271 2772 1343 2849 alt

190 2880 330 2977 Κύπρου
343 2889 496 2957 δέσποινα
511 2877 687 2976 primordia
703 2891 878 2984 epodorum
894 2892 1051 2956 contineri
1066 2892 1188 2954 statuit.
1226 2887 1268 2954 At
1282 2905 1344 2974 quo·

191 2993 299 3055 minus
314 2993 460 3076 epodos
451 3006 531 3058 ustas
549 2994 615 3059 fine
630 3008 792 3060 truncatas
808 3016 881 3058 esse
897 3015 1087 3060 censeamus
1102 2989 1296 3113 prohibent
1289 3007 1344 3074 rpsa

189 3093 248 3158 illa
263 3093 425 3160 Athenaei
439 3095 556 3178 verba,
580 3101 635 3182 qui
658 3119 730 3163 cum
752 3098 889 3162 dixerit:
923 3087 1081 3164 πιστεύων
1104 3095 1158 3176 δὲ,
1188 3095 1233 3174 ὥς
1249 3091 1342 3168 ἕοιιιιυ1

190 3189 291 3277 αὐτὸς
306 3191 414 3288 ἐαυτῷ
429 3197 603 3281 πεποίηκεν
615 3191 721 3268 τάθί
728 3225 793 3280 ως,
814 3201 894 3265 satis
909 3221 1068 3288 superque
1083 3197 1270 3288 significat'
1261 3207 1342 3261 rstum

190 3321 340 3384 versum,
368 3303 424 3386 qui
441 3301 604 3388 stropham
620 3301 821 3388 inchoaverit
843 3325 976 3368 necesse
993 3318 1060 3384 est,

263 3477 265 3482 ,
357 3395 541 3492 Λιδάξαμεν
563 3401 687 3495 χρυσὸν
707 3405 850 3496 καθαρα
875 3404 1030 3492 βασάνῳ,
1103 3455 1106 3460 -

191 3509 343 3573 continuo
360 3507 532 3633 excepisse
549 3532 641 3588 emur,
665 3514 719 3598 qui
735 3512 928 3596 praecessit.
981 3585 984 3592 Ι

358 3603 529 3701 Ξυνάορον
555 3613 666 3696 ξυναῖς
687 3611 843 3699 γυναιξίν.

192 3707 398 3796 Quapropter
422 3713 489 3778 alio
511 3718 609 3782 modo
631 3718 765 3783 disiecta
786 3715 844 3782 illa
867 3711 1013 3779 membra
1028 3713 1182 3778 carminis
1197 3709 1237 3775 ad
1251 3707 1342 3794 legem

191 3813 374 3878 revocanda
391 3819 475 3881 sunt.

290 3915 332 3979 Et
360 3920 720 4006 primurn'quidemea
746 3923 853 3992 forma
877 3917 1098 4008 stropharum,
1128 3938 1212 4005 quae
1238 3909 1342 4000 placuit

191 4015 378 4097 Boeckbio,
404 4019 483 4086 mihi
510 4021 620 4089 aliena
642 4047 715 4090 esse
738 4023 779 4090 ab
801 4021 862 4090 hoc
883 4043 1002 4111 genere
1023 4018 1200 4086 carminum
1220 4017 1340 4083 videtum

189 4119 322 4209 longior
336 4136 386 4188 est
399 4128 483 4190 enim
500 4127 562 4204 ista
579 4129 712 4216 stropha
730 4132 913 4214 iustumque
929 4127 1061 4190 modum
1077 4123 1219 4188 excedit.
1269 4115 1339 4180 Con·

191 4225 310 4289 viralia
334 4243 441 4294 autem
464 4233 639 4312 camnina‚'
655 4234 804 4319 quoniam
827 4243 900 4294 sunt
918 4225 1117 4306 leviuscula,
1145 4223 1280 4300 ludicra,
1300 4236 1339 4279 rt·

190 4328 308 4406 missa,
339 4353 383 4395 ex
405 4333 613 4422 paucipribus
637 4330 903 4418 brevioribusque
921 4329 1065 4399 articulis
1086 4329 1261 4413 composita
1280 4336 1339 4384 este

190 4426 327 4494 debent:
349 4447 442 4520 atque
458 4438 582 4503 videtur·
594 4433 803 4504 Pindarusin
816 4435 949 4523 reliquis
963 4430 1115 4510 omnibus
1127 4429 1240 4498 scoliis
1253 4427 1339 4491 minu·
