2800 5082
387 349 390 364 Ι
486 252 684 386 -7-131
742 303 804 363 1-

72 449 156 531 salpe
171 443 340 526 Canticos,
367 463 402 514 ul
418 441 574 538 Eupolin‚
597 452 828 559 Hermippum,
855 453 1021 528 Platonem
1036 463 1165 532 fabulas
1183 471 1218 532 in

69 549 278 633 Hyperbolum
293 555 479 638 scripsisse,
508 558 607 624 etiam
623 558 754 624 aliunde
771 578 956 630 constatv
917 562 966 657 (ι’.
985 567 1217 652 spanhemium
1242 599 1243 608 ¹

70 654 151 720 adv.
168 658 276 742 558..)
323 655 398 720 Hi
389 659 486 742 igitur
509 680 640 743 ornnes,
666 665 695 726 si
715 663 798 728 fides
822 684 871 732 est
891 667 1116 754 Aristophani,
1144 695 1216 738 cum

60 752 125 816 ¹lilio
141 757 263 840 perdito
278 759 436 840 perditam
453 773 585 827 matrem
607 766 842 832 coniunxerant
866 771 878 854 (
886 769 1067 840 τοῦτον-
1085 778 1140 842 καὶ
1158 769 1219 857 τὴν

69 856 209 956 μητέρι).
263 857 425 948 Principio
449 879 556 930 aulem
576 866 727 952 Eupolis,
754 883 851 960 poeta
866 873 1071 958 Hyperboli
1062 879 1217 944 mimicis·

71 1027 339 1054 -u—-ff—

265 1121 320 1174 Τοῦ
335 1122 419 1182 δεῖνος
434 1123 551 1184 azotice·
568 1122 715 1198 Ἡράκλεις,
733 1122 810 1181 τοῦτ’
824 1131 879 1182 ἔστι
900 1147 942 1183 σοι

260 1205 291 1258 τὸ
309 1209 400 1278 σκῶμμ
402 1204 531 1277 ’deripis
546 1213 590 1264 real
602 1211 755 1288 μιγαριιιὸν,
773 1216 817 1267 recl
836 1214 902 1268 udin

258 1290 438 1362 ψυχρὸνγιλᾷ
459 1293 566 1368 σφόδρ’,
590 1294 624 1357 ὧς
636 1299 716 1370 ὁρᾷς,
736 1299 769 1351 τὰ
785 1301 895 1364 nordica

121 1373 241 1434 „Audin¹
262 1383 456 1447 spectatorem
474 1381 558 1433 illum
576 1382 730 1436 dicentem:
750 1386 873 1446 Hercle,
894 1383 971 1436 istud
989 1357 1130 1454 quidem
1122 1403 1216 1440 mren·

121 1462 178 1509 torm
194 1466 252 1516 est
275 1462 412 1514 lascivum
442 1471 472 1517 et
496 1467 688 1535 Megaricum,
720 1476 750 1522 et
775 1470 879 1539 oppido
898 1470 1014 1542 frigide
1040 1471 1150 1539 rident,
1183 1481 1216 1526 ut
1263 1507 1264 1514 ι

120 1541 209 1611 rides,
229 1547 447 1602 adolescentuli.
451 1559 470 1587 ‘⁸
506 1551 605 1606 Possis
625 1557 727 1608 ctiam:

214 1642 216 1651 '
260 1663 295 1674 -·
314 1634 346 1686 τὸ
365 1635 469 1706 caelpp'
484 1636 589 1708 ἀσελγὲς
608 1642 651 1692 ael
667 1639 820 1712 Μιγοιρικὸι
841 1641 884 1692 nal
900 1605 1002 1711 apddpoe
1059 1687 1065 1696 .

262 1719 378 1789 ψυχρόν·
398 1721 503 1788 γελιῖιΥΙ
519 1719 583 1790 οὖν,
601 1725 636 1784 ὥς
653 1721 727 1796 eppe,
748 1745 782 1776 ιιι
773 1724 899 1779 παιδία.

118 1801 250 1855 Ceterum
267 1805 383 1858 subtilis
395 1813 446 1858 -est
459 1811 625 1880 praeceptio
639 1809 736 1862 Photii
748 1810 846 1861 Lexio.
861 1826 888 1878 p.
903 1810 1091 1874 319,18.ιιιι’νιι
1104 1814 1216 1888 σφόδρα,

120 1901 174 1938 non
199 1889 306 1959 σφόδρα
328 1890 396 1944 πάνυ
424 1893 575 1946 dicendum
601 1911 664 1948 esse
689 1896 849 1958 nronontis,
882 1899 929 1948 cui
954 1896 1052 1950 favent
1075 1901 1122 1952 Ar.
1139 1900 1216 1960 Plut.

119 1974 159 2025 25.
174 1977 240 2032 ¹145.
259 1975 346 2044 Vesp.
366 1980 443 2030 1428.
462 1978 540 2032 Plut.
558 1983 599 2035 st.
617 1983 677 2032 8le.
695 1979 844 2032 Philemon
857 1999 884 2050 p.
900 1985 959 2034 381.
983 1985 1024 2036 Μ.
1042 1999 1116 2036 ιιιι·.
1136 1986 1216 2038 lectt.

118 2055 239 2111 Acharn.
261 2063 323 2116 484.
349 2063 417 2114 alia.
458 2065 555 2118 Minus
580 2071 674 2132 recte,
703 2072 736 2118 ut
759 2072 845 2138 puto,
870 2067 1002 2122 Dobrens
1027 2069 1063 2120 ad
1093 2068 1217 2124 Porsoni

120 2141 226 2197 Tracta
245 2153 278 2216 p.'
294 2145 358 2200 384.
377 2150 436 2218 legi
455 2152 563 2244 coluit:
594 2149 597 2156 '

619 2265 651 2278 -
668 2237 712 2288 καὶ
734 2235 836 2308 σφόδρα

281 2320 384 2390 ψυχρὸν
399 2322 520 2388 γελῶσιν,
540 2320 574 2382 ὦς
593 2319 672 2394 ὁρᾷς,
689 2343 722 2375 τοι
712 2321 837 2376 ceadda.

119 2399 199 2452 Nunc
221 2403 351 2456 tandem
357 2407 427 2458 licet
445 2409 526 2460 nobis
546 2410 664 2462 existis
682 2414 741 2460 tam
757 2405 874 2458 minutis
894 2406 978 2458 rebus
997 2408 1134 2477 liquidam
1153 2425 1217 2478 per·
1268 2455 1273 2465 .

119 2487 217 2553 cipere
235 2490 412 2568 voluptatem
433 2499 464 2545 et
481 2511 536 2564 quo
555 2483 625 2547 haec
644 2495 741 2546 omnia
765 2491 884 2544 tendant
902 2493 1018 2559 penitus
1041 2495 1215 2562 intelligere.

119 2571 186 2632 Quis
213 2575 289 2626 anim
312 2583 448 2644 punctum
467 2581 605 2648 temporis
624 2578 780 2640 dubitabit,
802 2575 1036 2644 Aristophanem,
1069 2593 1154 2646 quum
1175 2579 1215 2632 di-

118 2662 196 2710 ceret
216 2660 247 2710 in
266 2661 413 2716 Nubibus:
439 2669 442 2680 ·

285 2745 288 2752 ’
673 2745 730 2815 ἥτις
746 2731 842 2818 πρᾶτοι
851 2748 899 2816 μιν

257 2829 336 2903 pridie
352 2825 418 2896 eilde
431 2834 569 2905 ῥαψαμένη
584 2824 704 2887 miseros
719 2833 888 2902 καθειμένοι,

258 2915 374 2988 ἐρυθρὸν
391 2921 418 2977 ie
433 2915 530 2987 ἄκρου,
554 2918 639 2985 παχὺ,
656 2924 733 2976 τοῖς
754 2918 906 2976 παιδίοις
930 2910 1001 2986 ῗνίἶ
1021 2919 1135 2985 γέλως,

116 2998 189 3056 hanc
222 3003 315 3070 ipsum
344 3003 494 3071 Eupolidis
526 3018 543 3055 a
573 3002 744 3072 Prospaltiis
770 3003 864 3054 locum
889 3003 1040 3055 inanimo
1060 3001 1213 3059 habuisse:
1252 3003 1261 3010 ”

116 3117 146 3129 -
174 3087 209 3140 τὸ
236 3087 501 3157 οιῶμμίἓσιλγὶς
528 3119 560 3129 -
586 3089 670 3158 γελᾷ
694 3083 811 3148 δ”οιῖν,
836 3084 875 3147 ὧι·
896 3085 988 3159 ὁρᾷς,
1014 3087 1055 3139 τὰ
1073 3092 1215 3154 παιδία,

118 3191 204 3244 quum
230 3175 400 3242 praesertim
424 3180 454 3226 et
477 3171 633 3227 scholiasta
659 3174 696 3226 ad
723 3175 801 3242 ipsas
823 3173 920 3226 Nubes
944 3172 1125 3235 tradiderit„
1144 3173 1215 3228 haec
1265 3183 1267 3197 “

119 3259 153 3312 ad
173 3259 356 3336 Prospaltios
378 3259 536 3310 revocanda
559 3275 638 3325 esse,
664 3265 694 3312 ct
717 3261 774 3310 alio
799 3273 890 3328 eoque
915 3259 1076 3310 certissimo
1094 3265 1213 3314 auctore
1282 3255 1286 3259 ⁴

117 3351 238 3409 constet,
259 3343 408 3411 Eupolidis
424 3345 615 3413 fragmentum
634 3362 649 3398 c
661 3344 839 3414 Prospaltiis
855 3345 939 3412 plane
954 3343 1113 3395 derivatum
1128 3347 1212 3396 essai

116 3431 264 3498 Denique,
285 3429 361 3498 quod
379 3445 518 3482 sunrmum
539 3437 600 3492 est,
627 3432 684 3498 ipsi
702 3431 759 3481 loci
780 3436 883 3481 natura
902 3432 943 3480 sic
961 3431 1119 3496 comparati
1135 3437 1211 3493 sunt
1231 3448 1236 3474 ι

115 3521 148 3567 ut
162 3517 200 3568 ad
219 3532 250 3568 se
269 3517 391 3568 inlicem
409 3515 515 3568 referri
538 3517 703 3568 necessario
723 3515 854 3568 debeant.
889 3501 1047 3582 Utrobique
1073 3516 1148 3566 enim
1168 3531 1213 3568 ea-

117 3601 179 3653 dem
205 3617 252 3652 res
283 3607 415 3653 narratur
443 3607 529 3670 atquo
562 3601 638 3652 risus
671 3598 950 3653 adolescentulorum
981 3599 1016 3648 ad
1042 3587 1213 3654 obscoenum
1265 3623 1273 3632 ·

117 3685 243 3753 phallum
261 3689 400 3754 spectat
392 3703 422 3738 m
447 3686 586 3754 Eupolide
609 3687 719 3754 pariter
739 3692 824 3754 atque
843 3687 874 3737 in
897 3679 1103 3752 Aristophane,
1129 3704 1211 3756 quem

120 3771 233 3840 singula
256 3787 346 3840 paene
374 3773 527 3840 Eupolidis
553 3774 640 3824 verba
665 3773 822 3826 retinuisse
847 3773 948 3840 liquet.
988 3771 1094 3822 Marito
1117 3779 1212 3826 autern

118 3856 242 3925 Eupolin
264 3859 301 3909 ab
329 3857 519 3926 Aristophane
544 3858 747 3926 reprehensum
774 3873 852 3920 csse,
892 3848 1100 3925 inventumque
1121 3859 1210 3918 istud,

119 3959 171 4010 qno
196 3943 394 4016 ariolescentes
411 3951 612 4012 caperentur,
621 3950 649 3995 et
669 3957 773 4011 garrera
798 3949 860 3995 toto
879 3944 1076 4010 turpissimum
1095 3949 1125 3994 et
1140 3945 1211 4016 alio-

119 4030 185 4096 quin
204 4011 330 4080 inliceto·
341 4045 408 4082 rure
427 4029 693 4090 inficetiusiuisse,
713 4031 786 4093 iam,
805 4031 848 4081 uti
867 4043 967 4096 spero,
987 4027 1155 4095 Eupolide
1147 4043 1210 4113 ipso

120 4113 213 4166 iudice
234 4115 379 4166 evicimus.
416 4111 473 4166 Sed
491 4116 537 4165 cui
556 4116 645 4166 scnrel
665 4119 743 4167 reete
762 4115 934 4176 credideris,
966 4111 1106 4164 eidemin
1125 4127 1211 4164 causa

118 4199 210 4249 minus
231 4197 357 4250 dilucida
384 4199 468 4252 iidem
488 4175 592 4252 habere
605 4195 790 4252 constantiae
808 4205 861 4273 est.
895 4197 988 4259 Quum
1010 4197 1100 4262 igitur
1119 4211 1210 4264 grwam
1273 4225 1277 4233 ·

118 4285 213 4336 matici
227 4289 341 4338 veteres
358 4301 401 4336 vv.
412 4286 474 4337 -533
485 4285 586 4336 --53tt
605 4285 641 4336 de
659 4285 799 4354 Eupolide
818 4284 890 4336 nihil
906 4281 1020 4333 mentiti
1037 4281 1110 4343 sint,
1133 4291 1211 4338 certe

122 4371 265 4436 sequitur,
292 4385 343 4424 eos
368 4385 413 4422 ιι.
433 4370 594 4422 nat-539.
621 4370 657 4422 de
681 4371 839 4439 Hermippo
866 4368 954 4420 etiam
978 4371 1009 4418 et
1033 4365 1210 4422 Simcrmone
1290 4389 1298 4398 =

121 4465 202 4506 veras
220 4457 458 4524 res'miaimeque
476 4453 577 4508 dubias
594 4455 765 4524 prodidisse·
804 4517 808 4532 Χ

850 4546 919 4638 ιι,
992 4495 995 4502 ¹
