2800 5082
609 219 668 232 -
729 99 958 258 rat--

184 375 345 442 Lamaohi
362 387 512 453 matrem,
541 393 695 457 quaenam
710 371 823 453 suerit,
845 374 973 458 penitus
994 373 1038 438 ait
1061 373 1189 436 nesciri.
1238 369 1331 457 Nuga

187 499 238 544 tur
255 478 476 542 enimSuidas
500 496 589 540 ntore
614 474 727 540 solito:
755 471 968 564 Κοισύρα·
995 467 1077 558 γυνὴ
1098 467 1317 566 Ἀθήνῃσιν
1293 500 1332 540 συ.
1374 463 1375 488 ³

188 579 284 669 γινὴς
310 584 366 648 καὶ
393 564 581 657 dioneia,
584 575 692 664 μήτηρ
717 577 931 663 Μεγακλέους
955 579 1024 644 καὶ
1050 568 1296 662 Λαμάχου
1276 615 1318 626 -
1374 595 1375 668 }

189 683 341 748 ubivide
364 679 631 768 praeclaramL.
661 679 795 744 Kusteri
819 681 1070 744 adnotationem.
1130 676 1232 758 Quid,
1262 627 1375 764 quod
1374 671 1375 716 ἕ

190 785 352 852 Lamachi
373 800 504 850 matrem
526 787 687 894 ignorauit
708 786 773 846 iam
796 782 985 848 Plutarchus
1008 782 1075 847 Vit.
1090 779 1247 871 Alcibiad.
1269 803 1293 844 c.
1308 787 1332 842 t.

191 891 255 972 elye
280 885 400 956 Νικίου
425 892 484 974 μὲν
509 891 565 952 καὶ
590 879 826 970 Σιιιμοσθένους
850 892 918 952 καὶ
943 881 1155 970 Λαμάχου
1170 862 1375 978 -οὑιῖινὸςι

192 983 306 1058 ott*
288 1018 309 1074 ιι
336 989 441 1079 μήτηρ
467 983 629 1072 ὀνόματος
654 995 877 1074 steropen-m
912 987 976 1052 Sed
994 985 1333 1064 continuofalsnmest,
1374 1047 1375 1054 ,

194 1094 279 1179 quod
307 1105 430 1185 patrem
460 1093 605 1156 eiusdem
630 1091 790 1154 Larnachi
816 1071 935 1154 nomen
962 1088 1171 1174 Xenophonti
1201 1086 1375 1152 habuisse
1374 1075 1375 1126 l

195 1193 316 1260 scribit.
366 1197 437 1260 lmo
457 1195 682 1284 Xenophanes
704 1193 760 1258 ille
782 1193 963 1278 appellatus
988 1205 1056 1270 est,
1083 1189 1333 1263 consentientibus
1374 1129 1375 1222 l

196 1297 342 1380 Thucyd.
364 1298 422 1378 Vl,
446 1303 478 1362 8.
517 1296 626 1362 Schol.
652 1297 691 1360 ad
714 1295 854 1362 Acharn.
884 1319 914 1362 v.
940 1299 1025 1358 258.
1057 1297 1185 1378 (269.)
1208 1292 1332 1376 aliisque.

165 1397 355 1466 -Nimirum
383 1403 431 1466 uir
462 1403 602 1484 optimus
625 1396 879 1482 Xenophanem,
915 1397 1074 1464 Lamachi
1104 1408 1246 1480 patrem,
1279 1415 1333 1458 cun

156 1493 159 1500 ¹
194 1502 435 1586 Xenophanto,
455 1502 508 1566 vel
525 1505 630 1586 potius
647 1500 884 1586 Xenophanto,
909 1500 1099 1584 Hieronymi
1115 1513 1224 1584 putre,
1244 1498 1332 1562 nescio
1374 1481 1375 1516 ¹

196 1627 258 1690 qno
277 1619 369 1688 pacto
386 1605 536 1670 confudit.
571 1603 692 1670 Evolve
709 1589 817 1672 Schol.
836 1604 878 1666 ad
893 1600 977 1667 Nub.
995 1625 1024 1666 v.
1043 1607 1128 1690 348·
1155 1592 1266 1688 ἄγριόν
1277 1623 1333 1666 ure

195 1705 260 1772 τῶν
280 1707 402 1774 λασίων
427 1703 562 1784 τούτων,
584 1699 714 1794 οἷόνπερ
740 1700 798 1776 τὸν
814 1699 1032 1796 Ξενοφάντου.
1060 1701 1332 1794 Ceteruminxlibre

197 1806 327 1871 Veneto
350 1801 480 1897 οἷόνπερ
502 1797 562 1875 rba
585 1804 781 1899 Ξενοφῶντα
801 1807 939 1894 legitur,
966 1807 1061 1872 docta
1082 1827 1162 1872 sane
1178 1801 1334 1888 uupudrdp·
1374 1859 1375 1896 3

196 1912 306 1986 θωσις
330 1909 467 1976 alicuius
488 1913 708 1998 grammatici,
740 1913 796 1997 qui
818 1911 911 1976 huius
937 1906 1167 1994 Xenophontis
1192 1907 1333 1976 libidinem
1374 1915 1375 1958 t

158 2064 163 2074 .
198 2014 267 2078 sive
284 2011 411 2078 aliunde
425 2028 552 2091 nosset,
579 2016 647 2078 sive
663 2037 681 2078 e
702 2012 835 2078 Cratino
850 2035 883 2099 p.
898 2020 957 2077 20.
972 2011 1081 2078 Rnnk.

1013 2113 1097 2200 Φέρε
1124 2109 1185 2182 νῦν
1207 2134 1257 2180 σοι

250 2215 283 2296 ἐξ
307 2218 446 2303 αἰθρίας
469 2216 741 2304 καταπυγοσύνην
761 2211 845 2304 μυὸς
869 2210 1031 2306 ἀστράψω
1061 2212 1275 2306 Ξενοφῶντος·

199 2315 325 2382 Verum
347 2332 455 2384 noster·
476 2325 704 2406 grammaticus
726 2325 956 2407 quaestionem
968 2322 1007 2384 de
1023 2333 1125 2384 matre
1143 2313 1335 2402 Hyperbolia

199 2419 336 2486 Seleuco
356 2425 552 2508 propositam
570 2439 601 2488 et
617 2424 657 2487 ob
672 2427 859 2488 tenuitatem
884 2423 967 2486 male
985 2424 1137 2507 despexit
1156 2419 1252 2509 (nihil
1268 2418 1333 2481 euim

199 2525 234 2586 in
251 2521 354 2588 literis
379 2523 452 2590 leve
477 2541 527 2590 est
550 2543 604 2592 aut
625 2527 930 2609 commanendum),
957 2539 989 2614 et
1009 2527 1104 2608 peius
1118 2527 1214 2589 etiarn
1230 2533 1335 2606 propter

203 2622 425 2690 obscuritatem
441 2631 549 2693 nescio
572 2652 666 2715 quam
689 2629 902 2714 subterfugit:
925 2641 1052 2711 poterat
1067 2641 1173 2692 autem
1189 2641 1251 2690 tum
1264 2621 1334 2686 Doto

199 2729 296 2791 istam
320 2729 484 2814 aliquanto
505 2732 634 2796 facilius
659 2734 817 2807 invenire,
844 2752 938 2815 quam
959 2751 1017 2804 nos
1032 2729 1129 2794 hodio
1146 2733 1180 2797 in
1200 2740 1280 2794 tanta
1294 2721 1335 2782 bc-

203 2848 318 2892 nornm
351 2835 478 2896 testium
512 2839 681 2916 paucitate.
732 2833 768 2898 St
800 2831 910 2908 Doce,
942 2830 1017 2898 licet
1043 2853 1143 2911 anne,
1177 2824 1335 2898 meretriciis

203 2924 366 2994 amoribus
379 2936 461 2998 forte
484 2934 589 3000 adhuc
608 2933 758 3012 vacabat,
784 2935 905 3002 referre
923 2935 962 2998 ad
978 2955 1049 2998 eant
1064 2933 1140 2998 lieet
1157 2933 1246 3000 illud
1247 2925 1334 2993 Pollu·

203 3032 251 3094 cis
278 3030 351 3112 Vll,
378 3041 462 3100 202
490 3031 716 3122 Ἐρμιπιιοσ
702 3061 735 3106 ιν
771 3029 983 3126 Ἁριονιυιλισὶ
1012 3019 1334 3127 pervertissemus}

202 3130 386 3222 nauantem
408 3140 465 3204 καὶ
484 3139 660 3256 adaptare.
694 3136 785 3214 Qtrae
801 3142 977 3204 tetrametri
993 3138 1145 3205 trochaici
1162 3139 1259 3203 frusta
1279 3147 1334 3194 esst

204 3235 345 3303 dixeris.
395 3231 439 3317 ὡς
466 3236 596 3323 σαπρὰν
627 3243 682 3306 καὶ
714 3237 920 3326 σασιιιόρνηιι
951 3243 1008 3308 καὶ
1038 3234 1261 3328 adapertae·
1248 3258 1334 3298 ϋ·

202 3335 361 3404 incertius
381 3346 477 3406 'etlam
498 3357 564 3417 est,
591 3365 631 3406 au
658 3342 897 3426 adllyperboli
919 3358 1069 3420 matrem,
1098 3357 1152 3412 aut
1174 3343 1292 3408 omnino
1305 3332 1334 3394 td

203 3437 414 3508 Maricantem
444 3448 577 3508 attineat
606 3445 668 3508 hoo
701 3446 914 3530 fragmentum
942 3444 1128 3530 Eupolidis,
1170 3467 1219 3531 ap.
1248 3432 1334 3504 schol.

202 3540 278 3605 Pac.
296 3551 379 3610 782.
393 3549 506 3631 (812.)
532 3541 692 3625 Εὔπολις·
720 3542 809 3633 παρὰ
836 3547 911 3641 ends
938 3543 1043 3641 συνῇ
1068 3546 1187 3634 cedride
1207 3537 1297 3624 καιιὶγ
1283 3557 1333 3624 yet

202 3640 346 3762 Recepta
367 3651 487 3714 codicis
503 3649 620 3714 Veneti
635 3653 791 3733 scriptura
807 3647 995 3733 κατηγάγου
1011 3650 1119 3768 leges:
1146 3637 1335 3736 superaddi

204 3737 246 3810 σύ
274 3748 314 3837 τῇ
341 3748 458 3830 cedride
485 3777 693 3838 καιιιγαγους
743 3751 815 3818 Nou
844 3751 971 3831 dubito,
1007 3753 1144 3838 quiade
1170 3713 1335 3821 matre'utl·

175 3841 182 3852 ’
203 3845 343 3930 perboli,
365 3849 467 3929 Doco,
485 3852 584 3938 longe
602 3855 717 3918 melius
736 3871 829 3940 atque
844 3854 974 3918 uberius
993 3855 1154 3938 disputare
1169 3868 1296 3938 possem,
1313 3841 1334 3902 si

203 3949 373 4035 Eupolidis
396 3951 623 4034 Maricantem,
657 3954 812 4024 Pistrioes
833 3957 1021 4040 Hermippi,
1054 3955 1197 4020 Platonis
1223 3951 1334 4028 denique

204 4049 425 4137 Hyperbolum
451 4055 701 4148 diligentissima
727 4080 823 4148 tura,
859 4059 964 4144 qtroad
991 4060 1061 4124 eius
1091 4056 1162 4120 fieri
1191 4045 1334 4138 potestis

204 4153 409 4239 fragmentis,
443 4171 564 4249 pertr—
644 4192 668 4248 ᾖν
685 4208 705 4232 „2
749 4179 844 4256 Ιμισι
861 4174 970 4227 autern
990 4157 1185 4244 improbae
1176 4158 1261 4222 rstius
1281 4165 1333 4214 ruu-

204 4248 356 4324 lierculae
374 4283 477 4354 causa
487 4290 520 4342 ,ν
639 4249 656 4277 '⁸
758 4257 782 4279 ‘'
900 4262 1009 4364 meliri
1026 4283 1092 4326 non
1110 4271 1161 4326 est
1180 4237 1333 4325 consilium
