2822 5088
612 241 998 312 -ιν--,

166 423 252 497 misi
278 418 535 493 libentissime.
584 415 680 486 Num
701 416 735 486 si
760 415 960 510 quidquam
990 424 1049 487 est
1076 437 1149 511 quo
1174 419 1245 510 'ego
1271 426 1347 488 aut

166 560 248 650 ipse
265 555 429 650 gaudere
441 553 596 622 debeam
611 558 676 620 aut
690 548 876 640 profuisse
891 569 950 619 nre
972 551 1123 620 ¹credam
1139 550 1249 635 aliis,
1276 560 1347 622 est
1371 561 1375 568 “

91 785 94 790 ¹
169 691 209 762 id
231 687 398 782 profeeto
418 684 458 753 in
481 683 584 752 illins
607 679 796 752 societatis
816 679 961 752 ratione
977 657 1026 753 ae
1037 683 1173 753 studiis
1188 683 1347 760 amieis·

169 826 337 916 sineque
352 815 569 889 eonrmereio
590 814 759 906 positum.
811 811 961 886 Etenim
985 837 1098 910 quum
1123 817 1264 908 duplex
1293 817 1350 887 sit

170 955 333 1028 doctoris
358 948 561 1021 academici
586 946 795 1039 negotium,
836 947 994 1020 docendi
1020 949 1214 1020 audientes
1245 949 1347 1020 ulte·

169 1109 267 1174 rum,
305 1085 465 1154 alterum
497 1079 701 1156 exercendi
733 1101 798 1150 eos
830 1081 895 1174 qui
920 1082 995 1174 ipsi
1020 1083 1155 1153 virium
1184 1104 1348 1154 suarum

168 1218 339 1316 perieulo
368 1213 530 1300 fasiana·
566 1221 765 1307 mumque
789 1215 949 1311 quidem·
972 1224 1015 1286 et
1043 1207 1246 1286 ineundum
1283 1225 1349 1286 est

169 1352 367 1446 magistre,
393 1347 428 1417 si
442 1345 603 1416 libenter
617 1355 655 1416 et
670 1347 836 1417 studiose
852 1311 1032 1442 fungitur·⁴
1043 1327 1168 1420 elfieio
1183 1354 1275 1436 suo,
1305 1359 1348 1420 et

171 1484 401 1560 diseeutibus
411 1479 523 1567 utile,
546 1480 581 1552 si
596 1497 659 1552 nes
673 1480 785 1553 utiles
796 1503 941 1574 eaeque
956 1481 1101 1556 naviter
1115 1473 1345 1560 traetantur:

171 1617 238 1693 sed
262 1593 567 1710 quemadmodum
593 1609 743 1682 lucilius
760 1579 825 1682 est
838 1613 972 1682 dooere
987 1613 1191 1705 audireque
1205 1612 1347 1682 doeen-

170 1763 264 1839 tem,
292 1747 483 1820 difficilius
509 1753 633 1814 antem
655 1763 834 1814 exeruere
857 1734 1123 1860 exercerique,
1150 1745 1207 1819 sio
1225 1745 1346 1818 etiam

145 1882 212 1956 ¹in
233 1904 305 1977 qno
328 1882 412 1973 plus
438 1899 573 1972 operae
606 1877 819 1970 laborisque
841 1877 1091 1952 adhibendum
1114 1890 1190 1968 est,
1229 1881 1270 1950 in
1296 1903 1345 1952 eo

165 2018 353 2110 uoluptas·
376 2021 523 2108 quoque
553 2010 674 2082 niuinr
702 2011 929 2104 uberiorque
961 2009 1107 2088 fruetus
1139 2013 1345 2086 inuenitur.

162 2149 223 2224 lte
240 2150 299 2220 illi
313 2149 461 2242 qnidern
478 2145 544 2238 qni
565 2153 810 2233 exorentur,
834 2114 1004 2240 quamuis
1019 2167 1194 2240 measse
1216 2148 1347 2242 iugra-

164 2291 253 2359 .tnin
274 2283 358 2366 sit‚'
377 2279 499 2350 minus
528 2277 725 2371 minusque
745 2281 932 2370 pereundo
946 2281 1148 2372 -proleotns
1170 2295 1263 2352 sues·
1284 2303 1346 2353 eo·

164 2423 377 2514 gnomen,
398 2411 591 2505 magisque
614 2413 796 2506 armagis
815 2435 944 2484 umore
964 2407 1345 2494 studiornm'su'orum
1405 2451 1406 2529 l

164 2552 387 2646 eupiuntur,
414 2545 634 2638 praesertin
652 2535 920 2634 sinemulatio‚
945 2555 987 2617 ut
1000 2546 1348 2617 iitinterenmmili·

167 2698 302 2770 ¹tunes,
326 2679 490 2751 aceedit:
522 2677 787 2772 aquo'uutem
804 2690 1057 2767 -exeueentua,
1084 2681 1123 2749 ei
1149 2679 1221 2749 etsi
1241 2678 1346 2750 haud
1404 2739 1405 2754 ,

176 2837 306 2914 parurn
319 2811 462 2907 negomi
476 2820 514 2882 et
525 2812 665 2885 laboris
676 2815 849 2904 puratum
862 2823 923 2883 est
935 2823 1011 2885 non
1024 2815 1144 2885 solum
1158 2815 1344 2889 monendo
1404 2773 1405 2835 ¹

166 2963 217 3024 et
238 2946 479 3040 corrigendo,
502 2961 635 3016 vesun
649 2945 967 3018 etiamsolrendis
984 2947 1128 3033 dubiis,
1153 2945 1344 3016 illustran-

178 3085 237 3155 dls
258 3079 445 3165 obscuris,
469 3079 715 3170 expediendis
731 3079 968 3168 altmanus,
999 3087 1344 3171 ateompensantur

123 3289 127 3294 .
168 3227 303 3290 temen
335 3215 411 3284 ista
442 3213 568 3283 omniu
601 3211 827 3304 largissimis
853 3213 980 3308 iisque
1009 3211 1342 3306 praestantissimis

177 3346 366 3444 praemiis.
394 3403 398 3409 .
419 3339 515 3418 illurn
528 3345 595 3436 qui
610 3345 706 3415 uilril
721 3345 796 3415 nisi
811 3346 943 3434 docet,¹
958 3348 1072 3417 etiam
1089 3347 1124 3417 sl
1139 3343 1344 3439 religiosis

178 3483 273 3555 sime
305 3477 471 3551 officinm
498 3498 608 3548 suum
639 3441 759 3562 fauit,x
784 3487 908 3550 tamen
940 3480 1122 3573 peolloere
1152 3477 1343 3550 auditores

170 3617 305 3731 ‘sperat
327 3613 447 3706 magis
463 3631 579 3704 quum
599 3610 797 3706 intelligit,
832 3615 1029 3722 pararique
1051 3615 1165 3686 debet
1190 3633 1238 3683 ne
1269 3613 1342 3683 sint

164 3745 312 3840 aliqui,
356 3745 421 3839 qui
452 3761 535 3814 non
559 3731 657 3816 sutis
682 3747 916 3838 pereeperiut
949 3766 1044 3840 queo
1067 3747 1239 3833 dixerit,
1280 3751 1342 3814 out

167 3891 331 3976 propter
351 3878 503 3973 aliquod
518 3878 662 3948 'indolis
685 3879 815 3948 uitium
836 3879 1137 3972 irnperleetamve
1148 3877 1340 3951 seientiam

179 4037 253 4088 non
274 4022 376 4084 reete
394 4013 442 4083 iis
457 4019 628 4082 aunem:
655 4011 752 4105 quod
774 4022 903 4106 eontra
925 4016 988 4108 qui
1012 4012 1339 4090 exercitationibus

94 4153 97 4160 “
175 4171 307 4220 eorunm
322 4169 414 4240 quos
430 4147 538 4215 dooet
550 4156 718 4236 ‘praessa‘
746 4165 859 4240 quum
866 4157 912 4218 et
928 4141 1016 4242 quid
1035 4147 1203 4219 neseiaut
1218 4145 1339 4215 videat

177 4289 216 4352 et
236 4281 327 4373 quid
346 4281 385 4350 in
408 4267 552 4372 quoque
571 4299 640 4368 pro
659 4279 894 4372 ingeniorum
917 4282 1135 4352 diversitate
1147 4281 1209 4350 vel
1228 4273 1335 4348 uerri·

176 4414 336 4508 gendum
358 4413 418 4482 vel
439 4411 670 4482 incitandum
697 4402 764 4484 uel
780 4413 1023 4498 mersandam
1039 4414 1091 4484 sit
1109 4403 1337 4486 animadver-
