2800 5082
344 217 789 298 ·--ttt-

67 425 220 506 adoptatos
255 431 324 490 erat
354 383 578 505 Hyperbolus,
622 441 715 504 quem
748 419 1001 489 Perithoidnrrtm
1038 449 1122 515 pago
1155 433 1221 498 ad·.

66 529 200 609 scriptum
223 527 444 602 luisse-etiam
471 521 661 586 Plutarchus
684 525 716 585 in
739 521 906 590 Alcibiade
928 551 955 590 o.
983 535 1040 594 13.
1062 547 1093 596 et
1114 531 1211 599 Nicia

65 635 323 693 r.tt.testatur.
373 625 547 712 Aliquanto
568 640 642 709 post
663 625 745 688 alius
767 627 962 706 scholiasta,
1007 627 1128 712 ἄλλως,
1161 639 1210 702 iu-

64 734 136 818 quit,
178 734 246 798 dors
271 731 306 798 dl
335 726 382 821 ιῇι
400 728 546 814 ἀληθείᾳ
573 730 761 814 Χρέμητος,
803 729 845 807 ὡς
875 731 1070 817 Θιόνιομπος
1100 739 1135 804 ἐν
1160 740 1210 823 τῷ
1307 811 1311 824 ,

64 837 123 919 usqi
147 830 361 921 δημαγωγῶν.
413 829 560 896 Naturali
583 832 680 916 igitur
700 844 791 916 patre
819 833 1024 916 llypcrbolus
1051 860 1115 905 nou
1142 839 1209 906 An·

65 937 180 1020 tiphane
200 957 278 1000 ursas
299 947 367 1012 est,
401 937 458 1000 sed
480 934 662 1000 Chremeta.
715 931 822 1008 Quum
845 935 1044 1021 Antiphanes
1069 944 1208 1008 ciuitatis

67 1041 162 1104 atticae
177 1040 232 1102 ius
247 1037 436 1114 obtinuerit,
461 1039 501 1102 de
521 1037 693 1102 Chremeta
707 1037 796 1122 loqui
818 1041 1052 1106 existimandus
1074 1061 1124 1110 est
1142 1046 1208 1110 An·

61 1143 173 1206 decides
190 1163 243 1226 ap.
261 1139 368 1206 Schol.
387 1140 487 1226 Vesp.
509 1146 618 1206 1007.
633 1142 772 1226 (tout.)
798 1143 871 1230 arpi
891 1137 1089 1228 Ὑπιρβόλου
1107 1153 1208 1233 λέγειν

62 1241 260 1330 αἰσχύνομαι·
288 1231 375 1312 odd
400 1245 489 1327 (σοι
514 1242 596 1308 liber
617 1243 781 1324 Venetus,
807 1246 829 1308 i.
847 1266 875 1308 e.
899 1233 926 1328 qi
951 1245 990 1332 ὁ)
1015 1251 1074 1331 μὲν
1099 1251 1207 1338 πατὴρ

60 1354 223 1432 ἐστιγμένος
250 1346 298 1413 ἔτι
323 1349 377 1415 καὶ
400 1344 459 1414 νῦν
484 1347 517 1414 ἐν
540 1345 585 1434 τῷ
610 1344 853 1435 dpyvpoaoneirp
876 1342 1017 1416 rovreio
1040 1349 1083 1439 τῷ
1104 1355 1207 1438 dupo-

61 1448 123 1533 dp,
145 1449 163 1516 ὁ
184 1452 220 1516 δὲ
245 1450 337 1532 ξένος
359 1443 404 1514 alr
428 1452 483 1516 καὶ
508 1445 678 1536 βάρβαρος
702 1453 897 1534 λυχνοποιεῐ.
930 1451 1096 1518 Andocide
1111 1457 1207 1541 igitur·

61 1567 188 1630 auctore,
217 1568 252 1616 ut
267 1571 354 1616 recte
368 1549 552 1616 Meiuelt'ms
567 1551 628 1627 Qu.
645 1551 740 1616 Soeu.
757 1550 797 1614 lt.
815 1575 847 1636 p.
864 1558 942 1634 27„
965 1571 1056 1638 pater
1071 1560 1206 1644 stigma-

61 1659 109 1718 tias
122 1660 150 1718 io
167 1655 300 1740 publica
317 1671 446 1719 rnooeta
460 1653 571 1718 servili
587 1656 769 1720 conditione
783 1653 911 1721 habitus
928 1673 987 1722 est.
1039 1656 1119 1722 Cum
1144 1660 1206 1725 hoc
1296 1683 1300 1698 ·
1382 1645 1383 1706 l

60 1759 217 1822 Andocidis
250 1761 435 1824 testimonio
461 1758 501 1822 da
528 1756 700 1824 Chremeta
725 1761 824 1830 etiam
849 1760 883 1822 id
909 1763 1078 1843 convenit,
1121 1761 1204 1847 quod

61 1863 302 1928 praedicemus.
352 1859 465 1947 Neque
485 1862 570 1925 euim
593 1863 674 1934 satis,
696 1859 879 1926 habuerunt
903 1860 1044 1942 Comici,
1077 1865 1204 1950 Hyper·
1287 1923 1289 1936 ,
1382 1857 1383 1868 ’

61 1960 151 2026 bolum
168 1967 265 2028 istum
289 1964 500 2029 Marioantem
514 1979 549 2029 ut
564 1967 766 2049 peregrinum
787 1965 950 2028 bominem
972 1981 1066 2061 atquo
1090 1966 1204 2032 barba·
1255 1993 1258 2000 ·

60 2087 113 2128 ruru
134 2068 286 2142 irridere,
318 2067 374 2130 sed
397 2067 539 2152 plerique
564 2087 676 2130 omnes
700 2089 770 2130 eum
796 2065 893 2154 plane
915 2088 1041 2130 servum
1062 2069 1205 2154 appella·

59 2182 124 2231 runt.
170 2169 245 2234 Huc
280 2173 432 2253 pertinet,
466 2183 500 2232 nt
526 2167 592 2232 alia
617 2168 752 2254 plurima
778 2171 981 2248 omittamus,
1014 2168 1203 2236 Marieautis

18 2311 19 2322 ι
61 2269 507 2354 EupolideiFr·.XVl.llunk.
534 2265 790 2348 Δούλωνπόλιςε
819 2273 908 2356 quid,
935 2271 1202 2358 quodPolyzolus
1247 2339 1255 2360 x

59 2372 83 2434 in
101 2373 357 2459 Demetyudareo
380 2373 599 2458 Hyperbolum
621 2377 751 2438 natione
772 2373 950 2458 Phrygem,
979 2373 1072 2439 Plato
1095 2392 1201 2440 antem

59 2478 85 2536 in
98 2475 277 2561 llyperbolo
296 2477 419 2561 Lydum
434 2478 571 2541 eundem
585 2478 713 2540 dixerat
728 2475 849 2560 (Sclrol.
865 2477 997 2538 Lucina.
1013 2475 1035 2538 l.
1053 2477 1100 2563 l).
1132 2477 1200 2542 lam

59 2597 120 2640 reru
144 2577 213 2665 quis
245 2583 394 2666 ignorat,
429 2581 537 2663 Lydos
563 2579 771 2664 Phrygasque
802 2599 860 2661 pro
887 2599 1051 2642 servorum
1080 2577 1203 2645 ultiririt.

59 2679 141 2766 rulgo
156 2683 284 2747 habitos
301 2683 392 2747 essel
425 2681 544 2746 Notum
561 2695 611 2745 est
625 2680 705 2742 illud
724 2680 904 2764 Euripidis,
931 2682 1013 2763 quod
1030 2682 1063 2743 iu
1077 2677 1201 2746 Avibus

58 2803 79 2843 ι.
90 2790 188 2849 1244.
201 2785 283 2850 lusit
297 2785 543 2868 Aristophanes,
566 2777 688 2869 πότερα
700 2777 817 2850 Λυδὸν
830 2777 851 2864 ἢ
869 2779 1066 2869 Φρύγα-ς
1093 2781 1200 2858 Quum
1255 2863 1258 2869 Ι

58 2886 138 2968 igitur
160 2887 285 2953 Comici
305 2887 527 2972 Hyperbolum
550 2887 709 2972 Phrygem
732 2885 898 2968 Lydnmve
924 2900 1091 2964 vocarent,
1118 2887 1200 2952 nihil

59 2985 128 3051 aliud
146 2989 208 3071 illi,
235 2993 342 3056 iudice
359 2993 454 3055 etiam
478 2981 724 3055 llemsterhnsio
743 2990 782 3051 ad
797 2987 902 3052 Schol.
919 2987 1074 3068 Luciani,
1101 2992 1201 3076 signi·

56 3086 137 3154 ficare
162 3093 348 3171 volucrunt,
375 3115 469 3178 quatu
495 3092 560 3157 vile
586 3093 778 3176 mancipium
796 3093 917 3169 luisse,
942 3091 1043 3154 serris
1061 3095 1198 3176 paremi-
1234 3154 1239 3162 ,
1340 3101 1349 3118 “

57 3187 103 3254 bas
124 3207 249 3260 uotum:
278 3196 391 3282 quales
411 3197 496 3279 Lydi
516 3211 548 3258 et
570 3195 714 3282 Phryges
734 3195 879 3272 luerrrnt,
905 3195 1074 3256 notissime
1090 3215 1198 3258 serro-

21 3335 23 3344 ‚
56 3313 112 3356 rutu
133 3303 285 3364 uomina..
328 3297 575 3414 Quociroa'lqoc
596 3301 662 3366 iam
684 3319 769 3361 noro
791 3309 877 3382 patet
897 3309 1104 3382 argumento,
1131 3295 1200 3378 Hy·

56 3396 202 3475 perboluru
220 3397 469 3485 hrrtsdquaquam
490 3399 694 3484 Antiphane,
721 3403 791 3462 cire
806 3403 964 3483 ingenuo,
991 3412 1101 3460 natum
1119 3397 1199 3461 fuis-

57 3516 98 3576 se,
116 3504 169 3566 sed
186 3507 293 3588 potius
309 3504 496 3585 Chrcructe,
514 3481 564 3589 qul
581 3525 678 3589 quum
695 3518 771 3579 nota
786 3505 911 3566 inustus
928 3514 1010 3564 esset
1025 3516 1057 3562 et
1070 3498 1198 3582 publice

55 3596 172 3668 Athenis
196 3609 347 3685 serviret,
382 3608 559 3670 rectissime
582 3605 669 3668 filius
691 3607 791 3687 patris
814 3606 899 3666 servi
923 3625 943 3665 a
964 3600 1105 3666 Cornicis
1127 3603 1197 3687 ipse

57 3705 133 3768 etiam
157 3730 269 3772 servus
292 3708 473 3794 appellatus
497 3723 554 3772 est.
584 3705 699 3782 ⁸Quare
721 3728 817 3790 quum
831 3707 877 3770 ita
893 3707 974 3782 sint,
999 3703 1198 3788 gratulemur

57 3806 173 3882 primum
196 3809 289 3876 Doeo
312 3821 442 3876 nostra'e
466 3812 702 3874 matrimonium
726 3807 782 3874 tali
812 3810 933 3872 femina
961 3807 1197 3890 dignissimum,

56 3901 219 3976 Chreruetis
234 3917 319 3988 servi
344 3915 384 3998 (a
399 3935 461 3998 quo
477 3932 584 3977 tamen
605 3927 717 3998 postea
735 3911 858 3974 ridetur
873 3911 1098 3989 discessisse):
1125 3927 1198 3990 gro·

57 4006 175 4078 talemne
189 4018 286 4080 etiam
301 4017 510 4101 amplissimis
524 4013 709 4102 parentibus
722 4013 879 4091 filiolum,
906 4011 1071 4092 Mysorum
1090 4009 1195 4088 potius

56 4105 204 4195 ultimum,
228 4142 322 4204 quam
345 4122 616 4204 demagogorum,
643 4121 697 4203 qni
717 4113 842 4180 scilicet
864 4137 883 4176 a
900 4123 1064 4196 parentum
1081 4107 1195 4169 virtute

57 4210 123 4276 nibil
136 4219 350 4304 degeneraret.
382 4221 447 4287 Sed
463 4243 558 4308 quum
575 4220 730 4284 Chremes
744 4239 808 4282 non
824 4217 981 4300 privatam
994 4206 1195 4286 sanitatem,

57 4315 101 4377 Std
119 4317 273 4400 poblioom
298 4329 330 4389 in
347 4339 478 4388 monete
493 4323 638 4387 servierit
660 4323 713 4406 (ἐν
729 4322 772 4407 τῷ
787 4311 1032 4402 ἀργυροκοπείῳ
1054 4301 1202 4374 δουλεύει

56 4415 93 4496 rqi
117 4419 274 4514 δημοσίῳ,
308 4439 344 4491 ut
366 4447 462 4513 supra
485 4421 710 4510 Andocides):
752 4419 792 4483 de
823 4427 950 4480 caetero
984 4407 1195 4492 suspicamur,
