2770 5082
601 199 920 279 -168-2·

178 419 278 485 state,
305 403 479 491 gravitate,
506 415 676 469 venustate
700 399 899 469 excelluisse
923 411 1038 485 sponte
1061 409 1202 482 apparet.
1242 395 1319 462 Cete-

178 531 250 574 rum
272 505 337 571 hae
358 505 470 594 populi
491 500 734 572 Atheniensium
761 507 923 590 imagines
952 501 1114 588 quomodo
1134 515 1319 586 comparatae

177 611 298 678 luerint
321 599 458 675 nonest
478 607 607 674 difficile
629 609 671 674 a‘d
683 608 910 683 divinandum.
963 605 1083 668 Sexum
1100 603 1218 667 virilem
1233 605 1319 667 lusisse

177 715 280 778 videri
296 715 361 777 iam
377 713 495 779 dictum
515 726 580 787 est;
608 728 698 778 aetas
718 731 842 798 quoquc
860 705 962 774 vtrtlts
979 709 1050 771 sire
1064 705 1214 783 iuvenilis
1229 707 1319 790 luerit,
1371 708 1372 794 t

177 817 242 882 non
265 813 398 896 senilis,
435 839 505 904 qua·
519 813 659 882 Densum
683 815 786 879 induit
808 813 848 876 ad
871 810 1034 898 singulare
1055 807 1320 877 sumneottstlium
1371 803 1372 890 l

177 919 416 990 ueconrmodate
437 918 688 1005 Aristophanem
714 920 830 1004 quippe
849 933 1012 1001 nunqnam
1034 912 1321 999 popolus—senescit.

175 1021 348 1087 Praeterea
377 1021 523 1110 insignia
554 1021 712 1108 quaedam
745 1021 940 1086 accesserint
966 1034 1101 1081 necesse
1126 1029 1194 1095 est,
1226 1011 1322 1099 quihus
1371 1035 1372 1058 ι

175 1124 424 1190 Atheniensium
445 1123 584 1212 populus
605 1123 646 1188 ab
668 1123 1011 1210 allisrlignosceretnr.
1063 1116 1320 1194 Quemadmodum
1371 1143 1372 1178 ι

174 1229 276 1312 igitur
296 1225 408 1292 Africa
431 1225 526 1292 leone
548 1240 643 1313 atqne
658 1225 849 1312 elephante,
874 1221 996 1291 Arabia
1011 1219 1144 1287 camelo
1154 1235 1245 1307 atque
1258 1233 1324 1284 strn-
1371 1249 1372 1282 t

175 1328 302 1410 thiens,
317 1329 483 1417 Aegyptus
503 1334 599 1396 sistro
615 1345 708 1417 atque
727 1327 783 1409 lbi,
800 1327 941 1414 Phrygla
957 1329 1054 1390 mitra
1073 1322 1323 1411 insigniehantnr‚
1371 1351 1372 1370 ÷

174 1433 222 1496 ita
245 1431 356 1518 populi
376 1433 620 1499 Atheniensium
644 1434 787 1519 insignia
808 1432 955 1516 inprimis
969 1442 1138 1502 noctnant,
1161 1425 1323 1503 oleastrum,
1371 1471 1372 1476 ι

176 1535 348 1600 tridentem
364 1538 465 1601 fuisse
482 1559 526 1601 ex
542 1539 680 1600 nummis
695 1533 810 1600 Atticis
822 1543 932 1618 potest
947 1531 1068 1618 colligi.
1119 1527 1190 1594 Iam
1205 1531 1232 1594 si
1243 1549 1324 1614 ¹qnar-
1371 1587 1372 1590 ,

144 1625 154 1644 ’
174 1639 273 1717 ritur,
299 1660 457 1723 quaenam
475 1661 585 1704 earum
602 1659 682 1727 quas
696 1637 882 1703 Pausanias
899 1633 1037 1700 Athenis
1050 1631 1132 1698 vidit
1147 1631 1242 1701 Item
1259 1635 1325 1696 irtrr-
1372 1677 1373 1696 ι

175 1739 269 1823 gines
289 1739 331 1803 ad
355 1739 438 1806 hanc
457 1743 630 1808 secundam
648 1741 783 1808 classem
802 1741 1002 1825 pertineant,
1025 1757 1090 1802 non
1107 1735 1206 1800 tacite
1221 1746 1266 1799 est
1285 1736 1324 1795 in·
1372 1761 1373 1798 t

175 1841 306 1905 dicium.
343 1841 437 1910 Licet
452 1847 536 1910 enim
554 1849 732 1930 suspicetur
751 1842 884 1929 aliquis,
909 1843 1069 1927 imagines
1081 1839 1197 1925 populi
1208 1836 1324 1904 Athenis
1370 1859 1373 1896 t

176 1943 320 2008 conditas
343 1960 374 2010 et
395 1945 436 2010 ab
459 1947 636 2014 artificibus
658 1947 773 2013 Atticis
785 1945 937 2032 ‘prolatas
955 1942 1203 2007 Atheniensium
1220 1960 1324 2026 quoqne
1372 1969 1373 2004 t

110 2081 113 2092 ·
174 2045 289 2131 populi
302 2049 461 2135 imagines
475 2053 591 2132 fuisse,
614 2033 721 2115 tanuen
745 2067 810 2113 non
831 2047 938 2113 soluin
954 2045 1133 2110 Pausanias
1147 2045 1266 2120 obstat,
1284 2043 1325 2126 qui
1372 2077 1373 2132 3

166 2146 251 2212 *dum
272 2147 369 2214 hasce
390 2149 489 2218 Derni
511 2153 698 2240 simpliciter
718 2152 882 2237 imagines·
906 2147 1068 2236 appellat,
1095 2145 1163 2212 alio
1186 2147 1255 2212 leco
1274 2156 1326 2208 sta·
1372 2181 1373 2188 ι

138 2312 142 2322 ,
174 2268 265 2315 tuam
288 2249 401 2338 Δήμου
426 2253 488 2323 τοῦ
517 2257 746 2342 Σπαρτιατῶν
770 2265 1015 2333 commemorat,
1048 2273 1162 2315 verum
1191 2252 1280 2315 etiam
1300 2247 1325 2309 in
1372 2287 1373 2308 ι

143 2355 247 2438 ‘ipsa
267 2377 303 2418 re
329 2357 414 2420 inest
441 2381 501 2444 quo
529 2355 627 2424 facilc
659 2359 846 2438 adducaris,
880 2369 916 2422 ut
938 2377 993 2422 eas
1015 2357 1190 2419 omnesin
1217 2353 1324 2422 tortian
1371 2381 1373 2418 ε

177 2453 313 2521 classem
331 2449 536 2544 reponendas
555 2483 628 2526 esse
646 2479 792 2526 censeas

255 2557 380 2660 Atque
395 2562 478 2629 lianc
495 2566 622 2652 quidem
639 2585 696 2629 eas
714 2563 859 2629 diximus
880 2562 1041 2648 imagines
1062 2558 1249 2648 complecti,
1272 2555 1326 2642 qni·

176 2657 238 2726 bus
261 2663 431 2748 populus
421 2691 454 2732 m
477 2673 660 2732 universum
682 2678 941 2754 repraesentatos
963 2683 1036 2728 esse
1053 2663 1229 2748 rideretur.
1247 2658 1328 2724 Abs·
1372 2673 1374 2730 t

176 2776 280 2827 tracta
302 2788 384 2851 quae
404 2769 553 2835 dicuntur
569 2791 667 2856 saepe
682 2787 814 2834 nurnero
834 2763 876 2832 ah
890 2767 1029 2852 antiquis
1043 2743 1224 2830 artificibus
1237 2763 1327 2850 specio
1373 2799 1374 2828 t

177 2879 273 2950 atque
292 2867 397 2956 figura
422 2873 561 2938 humana
581 2872 693 2938 induta
716 2887 749 2938 et
770 2870 875 2937 efficta
888 2871 1058 2948 essegtnrer
1072 2885 1190 2933 omnes
1206 2877 1326 2933 constat3
1373 2881 1374 2937 t

95 3047 99 3052 .
177 2971 268 3031 cuius
291 2975 419 3056 generis
443 2989 517 3041 sunt
538 2979 698 3064 imagines
720 2972 903 3054 Audaciae,
930 2972 1097 3052 Honoris,
1115 2970 1241 3051 Sertis,
1262 2967 1328 3032 For·
1373 3003 1374 3020 ι

175 3082 293 3164 tunae,
315 3073 410 3160 Spei,
435 3075 517 3142 Boni
533 3079 692 3155 Eventus,
719 3077 926 3152 Securitatis,
952 3093 1032 3160 qnas
1046 3075 1220 3161 proposuit
1233 3069 1327 3138 Millin
1372 3083 1374 3140 ς

175 3173 211 3235 in
236 3173 303 3260 gal.
327 3177 461 3260 mythol.
486 3179 573 3243 tahh.
597 3183 657 3246 49.
687 3183 746 3244 72.
770 3183 827 3245 ta.
855 3181 914 3242 8¹8.
939 3183 998 3246 89.
1022 3181 1081 3242 91.
1131 3174 1327 3245 Perimere,
1373 3205 1374 3212 ι

175 3274 238 3338 nisi
271 3276 386 3358 iallor,
421 3277 580 3368 Populum
616 3281 750 3370 quoqire‘
772 3279 930 3346 abstracto
966 3293 1076 3344 sensa-
1101 3285 1328 3364 expresserant,

173 3373 445 3462 Popularitatcm,
479 3395 514 3446 at
536 3387 581 3448 ita
605 3383 790 3483 dieam,'
763 3407 785 3448 ι.
810 3402 838 3448 ι’.
861 3385 1006 3448 intimam
1033 3383 1199 3446 notionem
1221 3375 1328 3467 populi,

174 3485 328 3598 tanquam
353 3486 505 3582 unitatem
529 3471 759 3564 inultilodlnis,
785 3489 854 3552 slve
870 3483 1093 3570 inpopolari
1084 3487 1224 3569 imperio
1237 3487 1327 3567 ipsum

174 3582 308 3664 genium
331 3585 481 3652 civitatis.
527 3571 700 3695 Eandeilt'
699 3593 864 3674 notionem
889 3601 924 3653 ut
946 3590 983 3651 lrr
999 3587 1201 3676 imaginihus
1227 3585 1330 3650 atau-

175 3683 270 3744 sania
291 3677 398 3749 allatis
423 3672 615 3784 expressam
640 3699 713 3757 esse
736 3695 885 3772 credam,
913 3690 1055 3756 efficiunt
1077 3689 1185 3754 loea'
1175 3707 1209 3753 m
1230 3684 1329 3774 quibus

175 3797 267 3848 erant
287 3787 429 3869 positae;
459 3789 580 3858 scilieet
566 3793 716 3880 iprima
727 3799 769 3859 in
764 3793 857 3859 'loro
877 3793 1013 3857 Fnaeeo
1038 3791 1110 3878 (sic
1133 3795 1221 3856 enim
1245 3787 1330 3854 rerba

164 3889 388 3984 interpretor,
409 3905 445 3956 nt
466 3897 608 3982 porticus
629 3897 670 3960 ab
688 3895 793 3961 antica
807 3891 1019 3982 pertemere,
1046 3915 1067 3958 a
1087 3896 1216 3980 postica
1236 3893 1329 3957 forum

173 3987 364 4081 habuerit),
392 4000 485 4084 tertia
497 4000 532 4062 in
549 4001 655 4077 curia,
680 4011 815 4083 utroque
829 4001 862 4060 io
877 3997 950 4061 loco
966 3997 1135 4060 coniuncta
1149 4009 1226 4060 cnm
1238 4007 1331 4058 statua

173 4089 278 4172 Iovis3
304 4097 420 4184 quippe
436 4101 568 4188 utroque
584 4103 619 4162 in
636 4097 709 4162 loco
724 4119 883 4163 summam
900 4097 1038 4184 populus
1052 4113 1187 4163 exercet
1202 4111 1331 4183 potesta·

175 4207 239 4257 tem
256 4203 459 4292 praesidente
477 4205 570 4286 quasi
588 4221 713 4263 summo
728 4221 832 4264 rernm
848 4203 991 4264 omnium
1008 4211 1144 4265 rectore.
1197 4200 1239 4264 Ic
1252 4198 1331 4263 curia

176 4297 302 4364 adiecta
320 4307 388 4366 erat
402 4315 507 4366 statua
523 4299 695 4395 Apollinis,
714 4323 807 4390 quem
822 4301 973 4396 πατρῷον
988 4301 1092 4368 luisse
1107 4303 1272 4386 suspicor;
1297 4292 1331 4360 ab

174 4399 236 4466 hoc
254 4405 339 4466 enim
356 4425 458 4490 genus
473 4402 688 4471 Athenienses
704 4403 917 4474 deducebant.
940 4401 1048 4481 *Quae
1062 4407 1092 4470 si
1104 4415 1199 4472 reete
1212 4425 1235 4469 e
1248 4397 1332 4468 nobit
