2800 5082
460 243 518 259 -·
577 195 659 280 tta
689 217 778 282 ‘'—e

32 400 243 470 aPlutareho
267 398 334 466 Vll·
359 391 523 464 Alcibiatl.
544 423 576 488 p·
599 405 682 482 193,
698 399 740 466 Α.
765 423 795 472 c.
817 408 850 469 3.
875 407 933 492 (ἐν
954 401 995 500 τῇ
1019 406 1205 498 Σιβυρτίου

33 504 244 594 σαλαίστρρ)
278 518 529 568 commemorata
562 505 622 586 sit,
669 504 804 576 mollem
836 522 932 594 atque
965 511 1204 578 effoemiuutum

33 611 196 675 hominem
227 619 260 671 et
285 627 305 670 a
328 608 475 690 ,corporis
507 607 742 672 exercitatione
776 608 935 690 alienum,
977 615 1203 680 exercitatori·

35 707 303 800 (παιδοτρίβου)
333 707 436 772 filium
462 709 569 774 iocose
592 713 711 774 vocari.
762 709 880 776 Paullo
908 712 1026 778 melius
1053 716 1204 798 dixisset,
1284 753 1286 762 ν

36 814 239 880 Clisthenem
263 810 428 876 masculae
450 811 590 876 Veneris
605 901 607 906 s
624 814 797 898 cupitorem
824 817 859 879 iu
881 813 1050 900 palaestris
1080 821 1205 885 animos
1298 867 1301 882 .

37 936 207 1005 puerorum
226 927 370 1018 tentasse
387 913 484 1002 (Pac.
503 921 587 981 746.
706 959 712 968 .

506 1021 509 1030 “
558 1008 633 1104 crixi
658 1015 862 1110 παλαίστρας
888 1003 1094 1112 πιρινοστιύν

132 1122 267 1197 παῖδας
287 1121 461 1207 λσεύρων);

40 1226 95 1288 nisi
111 1223 215 1308 plane
234 1224 391 1287 exiroiurn
408 1225 509 1288 virum
524 1224 633 1307 opinio
646 1221 827 1288 fefellisset.
861 1224 989 1288 Etenim
1006 1224 1206 1292 Clisthenem

41 1327 173 1409 Sibyrtio
192 1340 411 1412 patronatum
434 1345 507 1390 esse
534 1324 723 1390 confirmant
748 1329 844 1392 etiam
863 1325 982 1391 Suidas
1001 1349 1027 1392 s.
1045 1331 1207 1398 Κλεισθύ-
1265 1409 1269 1418 Ι
1301 1333 1307 1348 ’

43 1455 96 1512 νην
115 1422 187 1514 ὁρῶ
196 1477 205 1506 ,
239 1427 360 1492 Scholl.
383 1427 424 1490 acl
445 1429 582 1512 Lysistr.
599 1451 629 1492 ν.
646 1433 755 1494 1092.
778 1429 864 1494 etad
880 1428 1006 1494 Ramv.
1024 1437 1103 1508 48„
1125 1453 1206 1518 qnos

46 1553 149 1596 ornnes
168 1529 214 1596 ab
230 1531 294 1594 hoc
310 1552 375 1593 uno
387 1529 480 1607 loco,
502 1532 706 1610 Κλεισθένης
722 1518 741 1598 ὁ
757 1531 943 1618 Σιβυρτίου
952 1581 961 1613 ,
986 1535 1145 1618 pendere,
1170 1547 1207 1600 ut

46 1637 73 1698 iu
87 1635 222 1700 homine
240 1635 427 1708 notissimo,
449 1655 562 1720 parum
578 1632 733 1714 credibile
748 1648 808 1698 est.
841 1635 942 1700 Porro
959 1651 1067 1702 autern
1081 1635 1207 1702 Comici
1239 1651 1241 1656 '

49 1757 102 1800 uon
117 1737 225 1802 solum
247 1735 353 1800 falsos
370 1747 478 1819 patres
491 1735 621 1800 ludibrii
642 1739 747 1823 gratia
769 1741 1002 1818 eruentiuntnr,
1030 1740 1088 1804 sed
1111 1741 1208 1805 edam

48 1842 108 1902 reri
128 1841 236 1925 patris
259 1860 376 1902 nornen
400 1854 487 1902 certa
506 1840 546 1902 de
568 1859 668 1904 causa
690 1859 788 1924 saepe
809 1843 977 1923 adiiciunt,
1000 1854 1034 1905 ut
1056 1861 1207 1908 unacum
1280 1865 1282 1870 ·

44 1925 110 2006 ¹filio
126 1956 256 2028 patrem
279 1961 405 2028 quoque
419 1941 584 2007 irrideant.
631 1939 726 2008 Nunc
740 1943 815 2007 vide
832 1943 912 2006 mihi
929 1941 1125 2027 Stephanum
1144 1943 1208 2026 By·
1229 1984 1233 1988 -

50 2047 197 2110 santium:
251 2046 436 2133 Σίβυρτος,
471 2041 565 2123 πόλις
598 2041 755 2132 Κρήτηςι
779 2039 817 2111 τύ
849 2038 987 2114 caecubo
1015 2043 1208 2134 Σιβύρτιος,

53 2139 88 2223 ὡς
111 2145 287 2234 Πολύβιος
318 2153 353 2214 λι
384 2143 645 2236 τρισκαιδεκάτῳ.
701 2147 756 2212 Ex
798 2147 848 2210 bis
882 2149 1044 2234 suspicor,
1084 2163 1209 2233 patrem

56 2247 221 2316 Clistheuis
252 2251 354 2314 luisse
384 2247 571 2324 Cretensem
593 2260 626 2312 et
646 2246 774 2332 Sibyrto
799 2251 979 2316 oriundum.
1038 2249 1093 2316 Sic
1122 2253 1211 2316 euim

56 2349 224 2430 Clistheni‚
253 2350 387 2436 Sibyrtii
401 2349 442 2428 1.,
469 2352 706 2438 quodammodo
727 2355 941 2440 peregrinitas
958 2350 1000 2416 ab
1015 2351 1211 2437 Aristopha-

59 2473 92 2516 ne
113 2453 374 2540 exprobrabitur.
425 2453 611 2522 Verisimile
642 2468 692 2520 est
718 2471 841 2530 nartem,
877 2467 1001 2540 patrem
1030 2453 1209 2519 Clisthenis

57 2557 104 2624 τὸν
123 2555 316 2649 Σιβύρτιον
339 2556 436 2643 vulgo
455 2557 592 2622 Athenis
612 2570 758 2621 vocatum
780 2577 864 2621 esse.
930 2556 1093 2641 Deinceps
1115 2575 1210 2620 versa

59 2661 196 2741 proximo
221 2661 431 2746 paederastia
459 2659 600 2724 hominis
634 2671 770 2724 notatur.
820 2658 925 2744 Atque
952 2660 1049 2722 etiam
1076 2655 1238 2729 illorum}

60 2761 216 2828 rerbomm
237 2759 366 2831 coronale
382 2755 416 2829 δ’
432 2801 485 2814 --
499 2767 749 2848 ἐσκευασμένοςς
782 2765 942 2826 sententia
956 2759 1136 2826 clarissima
1151 2770 1210 2825 est.

62 2859 153 2936 Quom
169 2868 257 2930 enirn
272 2864 474 2944 Clisthenes,
485 2848 596 2928 ‘homo
612 2863 694 2928 alias
707 2861 842 2928 barbam
857 2865 970 2929 radere
985 2863 1122 2944 solitus,
1147 2881 1210 2948 quo

63 2966 183 3031 similior
200 2957 341 3034 eunuchi
356 2985 427 3032 essa
445 2967 622 3047 videretur,
648 2969 773 3053 ingenti
791 2965 891 3031 barba
909 2965 1034 3034 larvam
1051 2964 1213 3030 obvolvis-

21 3053 26 3068 '
65 3082 103 3130 set
121 3091 228 3135 suam:
267 3067 494 3155 Dicaeopolis‚
523 3091 676 3154 perverse
695 3083 729 3134 tu
754 3071 901 3156 quidem,
928 3071 1048 3154 inquit,
1079 3065 1213 3132 simulas

66 3172 248 3254 eunuchum,
274 3195 377 3259 genus
401 3171 565 3237 hominnm
588 3171 752 3253 intherbe,
777 3176 860 3258 quod
882 3175 955 3256 ipsa
970 3186 1084 3236 natura
1099 3169 1213 3246 refers,

68 3289 119 3334 nou
142 3276 253 3360 inepta
278 3291 346 3340 arte
370 3273 469 3339 debes
489 3278 620 3340 imitari.
668 3273 760 3340 Beue
774 3279 869 3340 etiam
884 3273 993 3340 Schol.
1011 3273 1052 3336 ad
1075 3294 1107 3335 v.
1129 3275 1213 3335 118.

69 3359 148 3452 οὗτος
169 3371 244 3445 (lib
273 3381 480 3460 Κλεισθένης
503 3371 595 3468 [cici]
619 3371 656 3443 τύ
674 3379 796 3461 γένειον
817 3379 975 3471 thebaico,
1001 3367 1083 3464 πρὸς
1108 3367 1150 3438 τὰ
1164 3362 1217 3436 cici

28 3483 30 3547 Ῐ
70 3474 241 3556 φαίνεσθαι
269 3478 350 3558 νέος.
398 3474 468 3546 διά
500 3479 629 3547 τοῦτο
660 3478 847 3566 εὐνούχῳ
880 3471 1013 3546 αὐτὸν
1045 3470 1215 3551 εἰκάζει.

30 3599 33 3668 Ι
71 3571 218 3644 Postremo
242 3585 373 3670 egregie
394 3582 474 3648 hacc
495 3583 669 3646 addrmtur:
695 3582 798 3645 Πίσαο
811 3602 894 3660 οεκο
909 3587 979 3664 ptris
997 3578 1128 3642 tandem
1144 3574 1217 3640 art?

32 3713 33 3716 ε
76 3692 158 3744 tuane
184 3681 322 3748 Strato?
376 3682 480 3759 Quum
513 3688 599 3748 euim
624 3681 704 3746 nihil
734 3681 892 3746 Clistheni
917 3679 1054 3744 similius
1079 3677 1218 3742 inveniri

77 3794 166 3857 posset
186 3784 352 3866 Stratone,
386 3788 461 3850 ideo
484 3785 517 3850 hi
537 3788 600 3849 duo
622 3785 770 3848 homines
795 3803 1030 3868 saepenumero
1056 3776 1218 3844 coniuncti

77 3894 141 3944 suut.
190 3886 371 3952 Scholiasta
388 3890 473 3952 adv.
493 3895 576 3954 122.
601 3883 784 3973 Στράτων]
812 3890 867 3953 καὶ
894 3875 994 3961 οὗτος
1019 3881 1219 3966 κωμῳδεῖται

80 3968 112 4054 ὡς
132 3983 313 4074 λωβώμενος
339 3984 378 4056 τύ
400 3997 520 4074 γένειον
544 3993 599 4056 καὶ
618 3988 767 4057 λειαίνων
790 3990 830 4055 τύ
853 3989 967 4070 σῶμα,
990 3983 1034 4058 ὦς
1056 3977 1230 4043 Κλὲῑσθέ·’

80 4100 148 4159 lit*
169 4080 212 4168 cic
237 4115 336 4180 φησιν
360 4087 461 4170 αὐτὸς
485 4079 732 4181 Ἀριστοφάνης
757 4092 790 4157 ἐν
811 4082 968 4154 Ὁλκάσι·
1009 4077 1121 4152 παῖδας
1145 4073 1223 4157 ἂνὲ-

83 4200 157 4264 11101,
187 4192 358 4280 Στράτων.
385 4192 491 4269 ,Quis
511 4173 574 4258 nori
596 4196 699 4272 uidet,
728 4197 763 4256 in
788 4184 997 4254 Holcadibus
1019 4175 1224 4241 scribendum
1263 4213 1268 4222 =

84 4299 153 4348 ⁹⁸⁸0:
177 4295 297 4373 Παῖδες
321 4295 353 4362 δ’
371 4289 530 4383 α’γίνειοι,
565 4295 771 4374 Κλεισθένης
796 4314 829 4356 τε
851 4290 910 4351 καὶ
934 4276 1112 4366 Στράτων.
1163 4275 1229 4340 Par

86 4381 170 4454 nobile
189 4397 325 4464 virorum
350 4399 474 4480 dicam,
508 4421 591 4464 aune
618 4399 812 4464 feminarum
837 4389 874 4449 in
903 4380 1078 4467 Equilibus
1106 4395 1238 4460 q¹¹⁰¹l¹¹0.
