2800 5082
617 263 934 344 -132-

195 498 315 566 simuS,
341 483 553 550 hiericuntem
571 472 716 557 scripsit,
742 468 788 530 ita
810 477 936 537 tamen,
961 469 995 520 ut
1009 453 1126 539 partim
1141 443 1266 532 Equites
1278 442 1333 506 liri·
1380 473 1381 528 y

198 593 383 680 stephanis,
411 585 528 669 partim
543 571 710 660 Phrynichi
724 567 867 633 fabulam
883 557 1081 646 compilarat.
1134 551 1184 615 De
1205 549 1333 632 Equitum
1380 547 1381 570 i

198 698 375 764 imitatione
391 692 424 752 in
440 685 586 760 Quaestt.
605 673 768 759 Aristoph.
786 669 827 734 Τ.
843 668 868 731 l.
883 689 915 751 p.
934 667 1016 728 tat.
1035 656 1182 742 exposui.
1221 651 1333 714 littero

111 825 114 838 ’
197 797 331 886 Eupolis
346 795 527 876 dernagogo
547 786 601 847 isti
615 799 711 844 anum
727 773 933 840 temulentam
955 766 1163 835 adiunxerat,
1190 762 1265 840 quae
1282 771 1334 813 cor·

201 906 310 970 dacem
334 895 481 971 saltaret,
507 901 668 974 postremo
693 884 799 944 aritem
823 899 842 940 a
863 869 971 937 bellua
991 874 1123 950 cetoque
1143 861 1333 928 devoraretur,

201 1008 235 1071 id
261 1019 309 1068 est
330 999 415 1065 haud
439 992 534 1057 dubie
556 993 662 1074 ipsam
692 977 824 1047 matram
853 969 1044 1059 Hyperboli.
1098 963 1244 1028 Ceterum
1270 955 1334 1018 haur

200 1105 332 1176 fabulae
366 1114 488 1185 partem
521 1113 630 1156 rursus
663 1081 841 1170 Phrynicho
874 1073 1035 1142 relerehat
1068 1079 1239 1150 acceptam.
1285 1055 1334 1118 Sed

202 1230 319 1295 operae
343 1206 478 1289 pretium
504 1210 569 1272 est,
597 1189 789 1258 scholiastes
808 1183 934 1246 audire:
963 1173 1030 1244 Ἢν
1058 1163 1241 1260 Φρύνιχος]
1264 1160 1335 1252 pipa-

200 1339 255 1382 cnr
279 1302 674 1387 inrddvroctltpvviyoc.
733 1281 857 1377 μήποτε
893 1267 952 1350 οὖν
983 1280 1107 1356 ἐκείνην
1132 1267 1275 1362 ρράζων,
1303 1285 1334 1336 ως
1380 1285 1381 1296 ’

201 1416 305 1505 γραῦν
326 1413 507 1494 ἐκκειμένην
531 1403 575 1490 τῷ
602 1391 700 1479 rp'rac
743 1394 798 1458 καὶ
832 1388 907 1464 ’ἴσως
933 1391 966 1451 ir
997 1368 1170 1467 dorppidip
1203 1365 1242 1435 dr
1268 1369 1334 1447 λέγοι
1380 1371 1381 1398 ¹

202 1511 319 1596 αὐτὸς,
345 1501 457 1578 ὅτιτὸ
484 1506 580 1585 κῆτος
605 1500 733 1583 ἤσθιεν.
778 1489 940 1565 Ἄλλως.
977 1483 1082 1566 εἰσῆγε
1108 1475 1208 1568 γραῦν
1235 1465 1332 1558 ‹aptit-

202 1646 261 1709 χος
297 1610 360 1686 ὑπὸ
394 1610 512 1693 κήτους
544 1601 743 1684 ἐσθίομένρν
768 1587 852 1662 κατὰ
887 1595 1024 1678 μίμησιν
1050 1579 1262 1677 ἀνδρομὲὂας,
1295 1560 1332 1632 iad
1380 1567 1381 1600 ³

202 1723 326 1810 γέλωτα
351 1717 416 1782 τῶν
441 1710 582 1779 θεατῶν.
632 1703 734 1768 Plane
754 1697 835 1762 nihil
857 1692 1040 1760 mutandum
1057 1701 1126 1764 est,
1154 1682 1214 1744 uisi
1235 1679 1304 1741 sorte
1321 1662 1334 1748 ἢ

204 1829 282 1920 ἴσως
297 1841 356 1906 pro
372 1819 426 1884 καὶ
442 1815 518 1890 ἴσως
531 1807 743 1880 scribendum.
797 1799 881 1866 Nam
903 1791 1105 1883 grammatici
1122 1797 1240 1850 veteres
1259 1775 1334 1854 Phry·

114 1927 117 1932 ¹
179 1977 181 1987 ι
204 1926 292 1993 nichi
310 1923 471 1986 mentione
487 1931 682 2001 magnopere
699 1907 810 1971 vexat
829 1914 915 1966 sunt.¹
959 1897 1002 1995 Et·
1020 1895 1108 1980 prior
1123 1887 1245 1974 quidem
1263 1876 1333 1942 scho-

203 2031 302 2096 liasta
320 2027 401 2088 duas
420 2018 521 2084 habet
538 2013 789 2101 explicationes,
813 2008 906 2069 iuxta
923 2003 1066 2084 ineptas,
1093 1993 1239 2064 alteram,
1262 1999 1334 2066 quau
1379 1981 1381 2016 t

206 2133 287 2197 vidit
319 2129 541 2191 Hermannus:
591 2119 727 2184 fortasse
763 2111 857 2188 dicit,
896 2089 1334 2186 Plrrynichi'llypeutlrycuuu

208 2234 301 2320 quasi
324 2229 461 2314 aliquam
485 2245 599 2298 anum,
633 2217 817 2302 expositam
840 2195 912 2274 esse
934 2221 1022 2284 ceto,
1052 2195 1221 2284 Eupolidi,

209 2357 280 2401 eam
306 2331 526 2416 compilasset3
559 2323 694 2388 alteram
714 2319 814 2381 hano:
855 2315 993 2377 fortasse
1020 2299 1214 2388 Phrynichus
1235 2297 1262 2356 in
1284 2285 1334 2364 lly-

208 2435 343 2528 perholo
366 2437 435 2518 ipse
456 2431 511 2494 his
535 2426 641 2492 verbis
663 2443 739 2486 usus
755 2432 819 2482 est:
840 2419 878 2483 τὸ
896 2415 992 2496 κῆτος
1006 2403 1144 2490 ἤσθιεν,
1171 2415 1259 2484 atque
1275 2390 1335 2452 hott

144 2567 147 2578 ’
209 2545 240 2608 ci
256 2539 409 2608 subduxit
423 2531 569 2618 Eupolis.
620 2510 717 2592 Recte
734 2543 810 2586 vero
826 2523 1049 2600 interpretatur
1070 2509 1150 2572 alter
1165 2497 1276 2578 scholia

208 2647 263 2730 qui
283 2653 407 2716 monet,
435 2632 647 2718 Phrynichurn
663 2650 727 2692 non
746 2629 780 2689 in
794 2619 1015 2707 Hyperbolum
1031 2611 1175 2676 fabulam
1192 2596 1336 2683 scripsisse,
1379 2593 1381 2630 l

209 2749 265 2810 sed
290 2740 509 2808 tantummodo
530 2757 625 2800 anum
648 2728 857 2796 temulentam
879 2723 1069 2794 induxisse,
1098 2734 1178 2798 quae
1203 2707 1238 2768 ad
1254 2707 1336 2761 entre·

1250 2201 1279 2250 ur
1297 2182 1335 2265 qui
1380 2207 1381 2220 .

1379 2081 1381 2120 l

1380 2159 1381 2206 l

1279 2508 1335 2559 stes,
1379 2490 1381 2528 ἵ

210 2869 298 2912 mum
327 2842 551 2908 Andromedae
575 2841 682 2899 instar
702 2853 721 2894 a
744 2845 813 2894 ceto
836 2811 1050 2890 devoraretur.
1104 2817 1175 2880 lloo
1202 2812 1336 2871 idrontum
1380 2803 1381 2838 t

116 3005 122 3015 ,
207 2945 342 3032 Eupolis
357 2943 558 3029 impudenter
575 2933 755 3019 Phrynicho
776 2933 984 3014 surripuerat.
1034 2920 1104 2984 lam
1123 2937 1195 2982 vero
1215 2910 1262 2994 qui

209 3052 248 3116 de
271 3048 359 3140 hisce
382 3041 505 3108 veritis:
543 3047 674 3128 ᾳέρεται
691 3030 897 3109 Ὑπεύθυνος
912 3029 1078 3118 Φρυνίχου
1096 3039 1145 3069 ²-
1166 3039 1201 3080 ttc
1215 3011 1337 3081 demitis

210 3155 265 3228 καὶ
286 3151 363 3227 ἴσως
384 3155 418 3214 ὲν
441 3141 626 3229 Ὑπερβόλῳ
644 3175 695 3188 —-
711 3123 913 3202 sentiendum
933 3127 1017 3194 esti·
1038 3095 1338 3190 llerrnannus‘l'nai·
1380 3185 1381 3194 ρ

210 3260 318 3330 θυνος
338 3248 469 3324 fabulae
495 3243 733 3310 nornen‘luis-se
757 3237 911 3316 affirmat,
944 3229 1133 3296 Meinekius
1156 3235 1254 3286 autem
1274 3203 1336 3288 (liu

211 3358 264 3422 So·
280 3355 322 3418 ll.
339 3377 369 3438 p.
388 3354 433 3434 8.)
455 3363 605 3432 corrupta
627 3366 698 3408 esse
719 3339 916 3406 scholiastae
940 3332 1037 3413 rerba
1058 3326 1192 3415 (qrribus
1213 3311 1283 3382 nihil
1302 3315 1337 3366 est

193 3459 354 3544 sanius),
391 3476 493 3538 neque
513 3442 719 3518 ‘Yrrrdiivvov
739 3440 911 3526 Phrynichi
932 3435 1050 3502 sabulis
1074 3432 1141 3496 ullo
1168 3432 1257 3512 pacto
1283 3405 1337 3472 addi

163 3613 165 3616 -
210 3583 306 3648 posse
329 3558 532 3622 vociferatur.
583 3550 652 3615 Nos
675 3561 844 3630 utrumque
861 3543 903 3607 V.
922 3539 962 3606 D.
987 3532 1180 3608 nonnttntin
1195 3509 1336 3588 radicando

211 3677 378 3746 sequutum
412 3681 485 3724 csse
518 3677 647 3740 remque
679 3652 810 3716 omnino
837 3650 885 3712 sic
919 3639 1039 3707 habere
1067 3661 1103 3701 se
1133 3630 1336 3696 existumans·

156 3763 159 3774 ’
211 3763 446 3836 Grammaticus
475 3761 563 3844 prior
585 3777 681 3841 quum
708 3751 792 3816 falso
814 3761 973 3833 putasset,
1004 3735 1214 3824 Phryniohum
1239 3707 1337 3810 quoqu't

209 3869 244 3930 in
259 3860 477 3947 Hyperbolum
494 3860 693 3924 comoediam
713 3854 896 3938 scripsisse,
919 3851 973 3912 diu
991 3865 1062 3910 eam
1078 3845 1194 3907 frustra
1209 3813 1338 3916 quaesivit

211 3983 248 4034 ac
262 3979 426 4053 postremo
441 3965 590 4046 opinatus
609 3973 675 4038 est,
701 3939 764 4020 dici
790 3952 829 4016 ab
857 3949 1070 4034 Aristophane
1092 3936 1230 4008 fabulam
1247 3921 1337 4000 Ὑπὲρ·

207 4075 307 4156 siclos
333 4061 355 4150 ri
373 4060 594 4143 Ὑπεύθυνος,
621 4082 702 4147 quae
727 4079 792 4120 non
814 4053 986 4138 Phrynichi
1008 4044 1176 4114 comoedia
1195 4033 1271 4106 luit,
1295 4014 1336 4083 Sti

209 4173 375 4244 Platonis,
394 4179 537 4232 attamen
562 4168 632 4230 eius
656 4157 786 4224 fabulae
803 4157 937 4220 alterum
956 4152 1083 4220 titulum
1098 4131 1289 4226 Ὑριεὺθυνος
1305 4136 1337 4181 ti

208 4273 240 4336 h.
257 4273 280 4338 l.
304 4273 480 4346 lucramur,
511 4290 588 4332 sane
610 4264 699 4338 illurn
723 4261 946 4344 aptissimum,
972 4267 1006 4320 ut
1028 4255 1112 4318 infra
1129 4223 1335 4312 demonstrabo·

207 4373 272 4437 Sed
295 4371 537 4455 Hyperbolum,
561 4367 763 4433 notissimam
788 4359 933 4425 Platonis
954 4353 1115 4434 fabulam,
1144 4372 1162 4413 a
1182 4323 1334 4420 Phrynl⁰l¹⁰

120 4471 124 4492 ⁴
205 4475 440 4558 transcriptum
466 4493 556 4546 csse,
584 4467 636 4535 vel
659 4487 763 4530 exeo
788 4475 941 4552 apparet,
968 4461 1053 4548 quod
1073 4460 1205 4524 duorum
1219 4435 1335 4504 tardum

1265 2906 1336 2965 duam
1380 2907 1381 2939 t
