2770 5082
495 255 812 382 5163·-

59 466 129 520 erat
155 451 352 540 Thrasyllus
383 455 598 543 agonotheta,
636 471 692 522 ant
722 455 823 525 tribas
852 457 1155 546 Hippothoontidis,
1188 465 1230 528 ad

57 579 157 642 qnam
178 548 359 644 pertinebat
377 557 530 625 Decelea.
582 558 783 625 Chnndlerns
806 583 931 649 quoqne
946 567 1032 648 turpi
1046 587 1154 630 errore
1170 585 1229 652 pro

55 657 172 724 Nioba
197 659 312 726 habuit
329 664 526 750 imaginem,
557 683 619 750 qna
649 661 811 729 Bacchum
837 665 1071 751 repraesentari
1093 682 1232 733 nonest

55 763 148 848 quod
173 762 369 829 dabitemus.
421 763 472 829 Cf.
496 766 618 829 Stuart.
643 765 665 830 l.
685 765 708 831 l.
732 789 763 851 p.
787 773 833 832 66
850 789 897 854 sq.
931 766 969 832 C.
991 767 1033 834 Ο.
1055 764 1229 834 Miillerin

56 863 200 950 Encycl.
215 865 312 932 litter.
326 880 348 930 t.
362 865 421 932 Vl.
439 866 619 934 r.v.Attica
635 889 667 954 p.
685 875 769 934 234.
801 869 979 934 Demorum
994 874 1089 936 etiain
1106 870 1232 936 nummi

57 990 108 1052 ap.
137 967 282 1035 Eclrhel.
305 971 406 1036 doctr.
428 991 515 1036 anm.
539 985 561 1036 t.
575 970 617 1035 ll.
636 995 668 1058 p.
684 979 754 1036 222
773 994 821 1058 sq.
837 974 924 1058 iique
939 993 1090 1060 magnam
1106 987 1232 1060 partem

59 1073 211 1157 suspecti
231 1073 312 1136 nihil
335 1071 455 1137 anxilii
478 1073 625 1138 afferunt.
677 1073 742 1138 Sed
752 1083 911 1160 'tanquam
927 1077 1094 1184 denrprum
1113 1079 1232 1164 imagi-

55 1173 159 1238 nibus
183 1173 312 1242 affinem
329 1173 434 1240 liceat
451 1177 486 1240 in
504 1176 660 1241 auxilinm
682 1197 798 1242 vocare
821 1180 1151 1263 repraesentationem
1174 1177 1235 1242 Se·

57 1291 182 1359 natus,
212 1279 253 1343 do
272 1301 335 1367 qna
357 1301 392 1343 re
409 1277 475 1342 Dio
490 1277 581 1344 Cass.
596 1280 670 1344 hist.
686 1277 844 1345 LXVlll.
863 1285 895 1346 5.
924 1277 1079 1371 Τραϊανῷ
1100 1283 1135 1348 δὲ
1149 1273 1233 1376 ὄναρ

57 1368 312 1471 ἐγεγόνειπρὶν
335 1379 542 1471 αὐτορχῆσαι
566 1378 709 1452 τοιόνδε·
734 1379 837 1450 ἐδόκει
863 1381 970 1472 ἄνδρα
989 1381 1175 1472 πρεσβύτην
1199 1384 1235 1452 ἐν
1297 1437 1300 1443 .

59 1485 189 1569 ἱματίῳ
222 1488 276 1552 καὶ
309 1485 429 1568 ἐσθῆτι
453 1483 699 1579 περιπορφύρῳ,
740 1489 788 1553 ἔτι
814 1487 851 1552 δὲ
877 1489 934 1553 καὶ
959 1477 1111 1579 στεφάνῳ
1141 1486 1234 1554 ἐστο·

59 1587 240 1673 λισμίνον,
275 1582 331 1654 οἷά
355 1609 420 1654 πον
445 1591 500 1654 καὶ
525 1589 586 1672 τὴν
621 1591 794 1675 γερουσίαν
823 1585 991 1680 γράφουσι
1016 1592 1082 1656 κτλ.
1135 1586 1235 1651 Haud

61 1691 164 1773 pauci
189 1704 363 1776 supersunt
383 1692 546 1754 variarum
569 1689 693 1756 urltinm
718 1693 862 1771 nutanti,
896 1688 1070 1776 inquibus
1101 1703 1233 1754 senatus

62 1805 96 1856 ut
113 1795 168 1856 vir
183 1807 358 1858 coronatus
372 1815 548 1878 expressus
561 1805 610 1859 est
625 1795 742 1858 additis
758 1792 866 1858 verbis
882 1795 1001 1862 IEPA
1024 1793 1236 1861 CYNKAE

67 1895 178 1973 TOC,
230 1897 359 1964 ΘΕΟΝ
371 1896 700 1976 'CYNKAHTON,
740 1883 954 1960 SENATVS.
1012 1895 1088 1964 Vid.
1115 1893 1234 1960 Millin.

65 1997 133 2084 gal.
160 1997 297 2080 mythol.
319 1997 500 2094 edgGerm.
523 1997 590 2063 tab.
613 2004 698 2064 177.
722 2019 770 2062 nr.
786 2003 871 2064 665.
901 1997 967 2061 tab.
986 2003 1069 2062 182.
1083 2019 1131 2060 nr.
1150 2002 1236 2061 666.

65 2102 222 2186 (integra
245 2095 350 2187 figora
373 2097 532 2187 virgulam
554 2099 738 2188 oleaginum
762 2113 856 2187 atque
880 2101 1056 2186 scipionem
1083 2099 1236 2182 tenens),

67 2205 154 2268 adde
173 2201 350 2286 Spanhern.
366 2204 396 2267 d.
413 2217 532 2290 praest.
556 2218 589 2267 et
607 2225 668 2267 usn
685 2205 834 2271 numism.
851 2203 930 2267 diss.
949 2198 981 2266 5.
995 2224 1027 2287 p.
1044 2207 1115 2266 4tt
1136 2223 1185 2287 sq.
1204 2213 1238 2264 et

68 2310 121 2392 qui
136 2305 315 2371 laudantur
331 2311 362 2370 in
378 2319 486 2374 annot.
506 2307 546 2370 ad
563 2303 659 2370 Dion.
673 2303 694 2368 l.
711 2303 734 2369 l.
752 2318 773 2368 t.
787 2303 844 2370 VI.
859 2323 892 2390 p.
908 2309 994 2369 605.
1012 2305 1062 2368 ed.
1078 2302 1181 2368 Stura.

133 2488 139 2493 ·
175 2407 290 2474 Altera
313 2409 428 2473 classis
448 2411 611 2496 imagines
635 2411 734 2474 totins
756 2407 891 2474 alicuius
914 2422 1009 2492 atque
1034 2407 1112 2469 certi
1126 2400 1239 2491 populi

68 2509 306 2597 complectitur.
353 2511 427 2576 Hoc
454 2533 579 2599 quoqne
605 2533 703 2575 sensu
737 2509 877 2574 Denrum
907 2508 948 2571 ab
973 2505 1150 2570 artificibus
1176 2525 1237 2567 ex·
1361 2530 1369 2538 ·

68 2635 224 2698 pressum
248 2635 321 2678 esse
340 2613 481 2678 clamant
502 2613 567 2678 loci
591 2615 645 2698 qui
669 2624 851 2698 sequnntur.
900 2608 1004 2696 Atque
1026 2611 1059 2672 in
1076 2607 1238 2692 principio

71 2705 195 2782 statim¹
209 2717 376 2804 ponendus
396 2717 487 2782 locas
508 2737 552 2780 ox
573 2715 701 2779 decreto
724 2714 808 2799 quod
823 2711 943 2797 legitur
957 2715 991 2774 in
1005 2707 1175 2790 Demosth.
1190 2727 1237 2770 or.

70 2824 101 2884 d.
120 2842 191 2885 cor.
206 2843 237 2904 p.
254 2825 339 2884 256.
353 2821 382 2898 fi.
400 2827 459 2886 91.
485 2841 505 2882 a
520 2817 684 2902 Byzantiis
699 2831 772 2902 post
786 2813 971 2900 Philippum
990 2812 1239 2878 Atheniensium

72 2947 136 3008 ope
161 2923 299 2987 feliciter
321 2924 474 2987 reiectum
493 2921 606 2986 horum
628 2921 661 2983 in
684 2920 841 2984 honorem
863 2915 951 2998 lato,
977 2918 1012 2980 in
1032 2935 1094 3002 qno
1110 2926 1240 2998 praeter

74 3023 269 3090 aliamnlta
294 3027 517 3105 constituitur,
551 3021 674 3091 στᾶσαι
708 3026 763 3089 καὶ
790 3012 918 3098 εἰκόνας
944 3029 1028 3102 τρεῖς
1053 3015 1241 3084 ἑκκαιδεκα-

74 3125 190 3215 πήχτις
231 3130 265 3194 ἐν
299 3129 347 3218 τῷ
383 3123 602 3215 Βοσπορίχῳ,
655 3117 919 3216 στεφανούμενον
949 3117 1008 3189 τὸν
1043 3117 1152 3202 δᾶμον
1182 3110 1241 3180 τὸν
1304 3151 1308 3161 -

60 3223 270 3316 Ι’τοίῦηναιίον
305 3229 370 3296 ὑπὸ
407 3232 452 3297 τῶ
489 3227 591 3314 δάμω,
620 3229 668 3295 roi
709 3228 902 3307 Βυζαντίων
938 3225 994 3291 καὶ
1033 3219 1241 3308 Περινθίων.

76 3331 146 3408 Qui
163 3334 259 3397 loeus
279 3331 355 3396 olim
381 3333 459 3397 mihi
478 3353 542 3396 non
565 3330 606 3396 ab
630 3335 718 3394 omni
732 3329 929 3396 dubitatione
942 3325 1026 3390 liber
1041 3335 1121 3387 erat.
1175 3315 1245 3380 Ab«
1310 3416 1314 3424 ,

76 3437 214 3500 surdum
239 3437 323 3499 enim
344 3450 376 3500 et
398 3438 590 3520 nescioquo
612 3433 708 3496 rnodo
730 3431 867 3497 scurrile
884 3428 1068 3514 videbatur,
1089 3437 1156 3486 tres
1179 3433 1245 3482 sta-

77 3552 153 3601 tuas
187 3552 298 3603 tantae
330 3537 558 3624 magnitudinis
588 3523 727 3620 ponere,
757 3538 902 3619 'qttarum
934 3553 997 3593 nna
1026 3535 1245 3599 coronaretur,

15 3687 17 3700 .
79 3639 188 3704 altera
211 3651 396 3721 coronaret,
428 3641 523 3706 tertia
543 3636 622 3701 nihil
650 3638 723 3700 dnrn
751 3653 857 3722 agens„
875 3645 1067 3698 coronatura
1090 3625 1246 3690 adstaret.
1274 3650 1277 3660 =

16 3739 18 3794 ἕ
80 3737 190 3816 Qtrarn
208 3757 246 3805 nt
259 3762 457 3806 removerem
473 3740 692 3809 difficultatem
707 3741 742 3800 in
756 3759 828 3802 earn
850 3734 949 3799 incidi
971 3732 1183 3804 sententiam,
1210 3735 1248 3784 ut
1273 3795 1276 3802 ¹
1339 3737 1343 3742 ·

81 3857 151 3906 tres,
176 3827 293 3928 populi
318 3845 559 3910 Atheniensium
589 3843 733 3908 coronati
767 3840 929 3924 imagines
951 3835 1087 3899 dirersis
1108 3833 1142 3892 in
1163 3825 1248 3888 locis

81 3941 231 4029 Bospori
255 3931 440 4028 (obscurum
458 3961 507 4010 est
521 3949 605 4011 enirn
621 3945 694 4031 qnid
710 3945 752 4006 sit
774 3949 809 4010 ἐν
827 3940 1046 4023 Βοσπορίχῳ,
1072 3927 1158 4014 quod
1179 3927 1249 3984 iarn

82 4045 121 4108 H.
146 4044 300 4112 Woliins
320 4048 407 4116 indu
428 4046 595 4136 Βοσπόρῳ
616 4046 803 4110 mutandum
827 4053 900 4106 e'sse
921 4039 1103 4132 suspicatus
1123 4037 1188 4096 est,
1215 4029 1251 4082 et
1340 4089 1343 4094 Ι

80 4149 125 4209 ita
142 4171 165 4210 a
185 4149 289 4230 prima
305 4169 398 4213 tnaan
414 4153 577 4232 scriptam,
591 4167 774 4235 quanquam
791 4144 832 4216 ab
846 4142 959 4206 eadem
975 4144 1047 4220 post
1062 4133 1250 4242 correctum,
1329 4181 1332 4186 ,

82 4249 217 4312 invenit
232 4245 376 4316 lleiskins
391 4255 423 4315 in
440 4251 509 4316 cod.
525 4249 662 4336 August.
679 4246 812 4335 quarto)
833 4241 1009 4308 collocatae
1031 4223 1254 4309 intelltgeren·

82 4363 150 4428 tor,
181 4367 310 4432 quaram
328 4354 361 4416 in
378 4353 446 4417 basi
467 4355 675 4435 inscriptione
689 4349 829 4434 quadam
845 4339 1020 4404 indicatum
1036 4337 1140 4404 esset,
1166 4321 1256 4438 hunc

84 4473 157 4515 ²⁸⁸⁰
183 4447 337 4532 P⁰P¹³l¹1¹¹t
363 4454 606 4522 Atheniensium
622 4451 753 4520 honoris
777 4459 891 4512 caussa
907 4459 926 4501 a
942 4429 1070 4530 populis
1084 4425 1257 4508 Byzantrn·

912 4554 956 4621 ll
973 4545 990 4578 ⁴¹
1065 4545 1067 4548 ’
