2800 5082
340 223 787 308 .--ttt-

58 427 250 510 διδάσκοντος
274 426 608 516 ἰιαὶ’ματ’6ιίιοντος,
646 431 692 510 ὡς·
714 427 862 500 αἰτίαι
888 435 967 501 troi
990 431 1204 509 αἰτιατοῦ.

59 531 161 610 Quibus
176 531 259 598 locis
276 553 338 620 quo
355 553 462 598 nexus
477 535 576 599 modo
593 555 691 600 carrea
706 532 849 602 efficiens
871 547 904 600 et
927 539 1074 606 effectum
1097 554 1207 607 tenen·

58 651 109 717 ιιι,
132 637 245 700 eodem
270 641 361 706 αὶτία
384 637 425 702 ad
449 632 600 706 αιτιατὸτ
620 640 767 724 pertinet.
817 637 1046 708 Grammaticis
1072 643 1205 719 verbum

59 759 141 824 aeque
157 741 395 825 frequentatum
412 740 533 821 tuisse,
559 735 651 806 locus
668 739 809 806 ostendit
821 743 855 806 in
874 741 977 832 schol.
1001 745 1042 810 ad
1067 745 1206 832 Dionys.

58 839 156 908 Thrac.
178 861 230 927 ap.
253 839 396 908 Bekker.
412 843 446 905 in
465 843 617 910 anecdot.
640 841 695 908 (ir.
711 863 744 930 p.
766 849 851 911 669.
878 848 962 913 κατὰ
984 849 1099 917 πᾶσαν
1120 851 1206 934 λέξιν

59 943 146 1016 αἴτιον
169 935 292 1035 ὁρᾶται
315 947 372 1013 καὶ
396 936 555 1015 αἰτιατόν.
640 963 655 1007 f

142 1041 347 1136 Quanquam
363 1049 411 1115 ita
429 1049 514 1130 aiut,
539 1043 719 1132 αἰτιατική,
743 1051 772 1114 si
792 1045 835 1114 ab
860 1043 1015 1136 αἰτιατιιῖ,
1040 1063 1077 1116 ut
1098 1051 1204 1136 debet,

59 1149 178 1227 ducitur,
211 1152 244 1216 ia
266 1135 328 1218 erit
349 1167 461 1228 casua,
498 1153 552 1238 qui
580 1150 623 1216 ad
650 1153 787 1218 actionis
820 1151 968 1218 effectmn
997 1153 1205 1222 indicandum
1225 1177 1243 1214 .’

59 1263 134 1316 natus
148 1265 215 1334 ast,
242 1268 279 1319 ιιι
292 1275 366 1320 oum
380 1271 453 1318 non‘
462 1255 699 1334 accusativum,
726 1253 785 1319 sed
800 1247 908 1340 potius
920 1257 1101 1338 &covinum
1114 1259 1206 1324 reddi

60 1358 224 1439 oportuerit.
257 1351 333 1432 Qua
349 1357 382 1421 vi
396 1357 472 1442 quid
487 1355 529 1422 ad
545 1369 690 1444 quartum
707 1373 817 1423 casum
833 1357 1083 1444 significandum
1099 1363 1205 1447 aptius

60 1457 227 1544 excogitesi
263 1460 340 1546 quid
358 1461 505 1526 intimum
526 1473 560 1526 et
581 1462 797 1526 necessariam
824 1462 894 1526 eiua
911 1477 1059 1528 natarum
1073 1461 1206 1551 elegan-

59 1560 109 1622 tius
121 1561 302 1646 expriruati
349 1559 438 1628 Inest
452 1564 538 1627 euim
552 1560 660 1629 verbis
679 1564 856 1634 transitivis
869 1567 969 1640 actio;
992 1567 1076 1631 actio
1097 1579 1204 1632 autera

60 1683 138 1726 unsa
152 1666 350 1740 nominatum
371 1685 453 1752 quae
472 1684 527 1730 res
542 1667 681 1732 actionis
699 1677 798 1730 cauda
819 1661 954 1732 officitur
967 1665 1020 1733 vel
1038 1670 1072 1732 in
1086 1689 1151 1758 qua
1168 1679 1205 1734 re*

59 1785 137 1828 cama
156 1778 309 1853 tanquam
331 1765 475 1833 efficiens
500 1769 655 1850 cernitar3
686 1789 726 1834 ea
746 1771 781 1832 in
803 1762 988 1835 accusativo
1010 1775 1089 1858 poni
1112 1771 1204 1838 solet.

60 1866 132 1932 Adeo
153 1872 237 1934 tertii
257 1881 290 1935 et
314 1873 420 1958 quarti
437 1889 534 1935 casus
551 1873 721 1938 discrimen
743 1871 809 1956 ipsi
827 1875 949 1938 nomini
964 1875 1203 1960 quasi'inaitum

60 1983 84 2034 et
99 1972 235 2037 innatum
262 1975 332 2038 erit.
359 1995 362 2001 ¹
383 1971 513 2038 Tertius
535 1975 620 2040 enim
642 1993 756 2051 casus,
787 1975 913 2039 meum
937 1976 978 2040 ad
1001 1973 1148 2042 homines
1172 1989 1205 2043 et

59 2093 190 2156 personas
215 2088 372 2162 tanquam
399 2077 535 2141 actionis
567 2075 621 2142 vel
648 2078 851 2143 cnrnmudnm
882 2075 936 2142 vel
963 2079 1205 2144 incommodum

60 2177 232 2262 accipientes
255 2179 386 2264 proprie
411 2181 572 2266 pertinerd
594 2179 847 2276 disputavimus,
873 2181 920 2245 ita
941 2181 1066 2266 quidem
1090 2193 1125 2246 nt
1151 2203 1204 2247 rea
1328 2216 1332 2226 «

58 2279 229 2361 inanimatas
250 2283 314 2345 nisi
339 2281 690 2368 personainduantur,
729 2303 795 2348 non
821 2285 979 2368 patiatur:
1023 2279 1206 2368 αἰτιατικῆς

59 2383 181 2464 proiecto
198 2385 333 2449 nominc
351 2419 401 2434 -
420 2385 569 2450 effectum
584 2385 672 2450 enim
686 2383 768 2450 nihil
787 2385 851 2450 nisi
872 2405 964 2452 mera
976 2407 1030 2452 rea
1047 2389 1205 2476 cogitatur

61 2503 142 2572 eaque
155 2487 286 2570 patiens
300 2521 351 2539 --
365 2487 595 2583 comprehendi
612 2492 678 2552 riou
691 2499 809 2572 potest.

57 2588 59 2594 ’
141 2588 232 2655 Haeo
252 2593 345 2676 origo
371 2592 400 2655 si
422 2592 471 2656 rei
491 2605 524 2656 et
538 2591 679 2654 nominis
700 2607 859 2654 consensa
875 2601 909 2654 et
925 2592 1016 2676 quasi
1028 2591 1205 2655 concordia
1262 2619 1265 2627 ·

61 2692 282 2760 conprendatur
303 2695 357 2778 (in
379 2707 532 2760 concentu
557 2706 662 2757 autem
685 2693 829 2757 veritatis
847 2695 972 2756 nurrreri
985 2691 1205 2778 voluti'y'tha·

58 2794 143 2876 ‘gerici
159 2799 272 2886 'positi
291 2795 401 2879 aunt):
445 2797 569 2868 accedit
594 2809 705 2876 vetus,
751 2797 940 2880 opinamur,
974 2799 1203 2875 testimoninm.

59 2891 263 2986 Etymoiogien
280 2901 407 2985 quidem
424 2897 547 2966 Graeca
565 2899 782 2986 nequidquam
800 2896 990 2962 evolvimus.
1042 2897 1108 2962 Sed
1124 2897 1206 2962 Dio·

62 2999 153 3077 nysius
168 2999 285 3066 Thrax
300 3002 398 3088 (apud
414 2999 540 3067 Fabrio.
555 2999 598 3067 V.
613 3026 639 3067 c.
662 3006 692 3066 7.
710 3023 739 3087 p.
751 3005 809 3065 30.
825 3001 875 3066 ed.
890 3015 938 3086 pr.
964 3001 1050 3086 apud
1061 2999 1204 3066 Bekket.

61 3097 87 3159 ir
100 3105 236 3170 anecdot.
252 3103 308 3168 Gr.
324 3113 357 3191 p'.
374 3109 472 3194 636.)
483 3103 678 3187 ’ἰιιιιιιὶἰιὶιι
705 3107 830 3190 λέγεται
844 3101 866 3185 ἡ
878 3108 937 3188 μὲν
951 3096 1040 3193 ὀρθὴ
1057 3101 1203 3189 (πτῶσις)
1311 3186 1315 3194 ¹

61 3195 239 3296 ὀνομαστικὴ
261 3208 315 3274 καί
335 3205 457 3276 ἐὐθεῖα
486 3243 537 3257 --
564 3205 585 3289 ἡ
613 3209 653 3274 δὲ
682 3207 893 3293 αἰτιατικῇ
930 3203 1020 3271 κατ’
1044 3201 1204 3271 αἰτίαν.

62 3297 137 3376 Quae
154 3307 255 3374 verba
275 3311 450 3376 accusativi
475 3309 603 3395 quidem
624 3312 754 3373 nomino
777 3317 967 3373 occaecatus
990 3308 1055 3388 „od
1073 3324 1205 3372 accusa·

62 3405 141 3473 tionis
159 3414 317 3478 modum-⁶
335 3395 514 3478 convertas.
562 3408 628 3475 Sed
651 3410 712 3477 hoc
735 3411 776 3474 ad
798 3431 866 3474 rem
889 3412 1052 3491 ieiunum,
1074 3408 1204 3494 abipso

62 3501 290 3595 autem‘vcrtn,
318 3515 529 3599 ai'upiuione
549 3514 729 3578 inveterato
753 3511 882 3578 reliotn·'
892 3509 1079 3596 simpliciter
1107 3514 1205 3576 iater-
1278 3530 1281 3544 ·

62 3617 190 3698 proteris,
219 3617 319 3703 piane
347 3615 501 3680 aiienum.
551 3613 666 3700 Itaqu'e
693 3607 714 3698 ἡ
746 3617 782 3682 di
809 3609 973 3698 αἰτιατική
996 3610 1070 3681 κατ’
1095 3609 1206 3682 αἰτίαν

59 3709 127 3778 'nihil
143 3717 230 3785 aliud
251 3718 414 3806 siguificat
433 3719 495 3783 nisi
515 3717 696 3783 effectivum
718 3715 772 3782 vei
792 3718 993 3782 causativum
1006 3712 1150 3802 (audere
1166 3715 1206 3781 li-

58 3829 120 3881 ·coat
137 3820 327 3888 vocabulum
349 3838 389 3886 eo
413 3819 499 3887 certe
524 3839 640 3900 sensu,
676 3833 738 3906 qno
760 3834 929 3886 causatum
954 3816 1139 3904 finxerunt)
1165 3823 1205 3884 ad

65 3926 347 3990 uiscerationem
380 3943 453 3990 osae
486 3921 615 3987 dictum.
666 3919 790 3986 Scholii
821 3921 950 4006 quidem
985 3935 1112 4001 auctor,
1146 3916 1206 3986 τοιῖ

64 4022 212 4110 αἰτιατοῦ,
247 4023 342 4112 qualo
368 4025 453 4111 apud
471 4021 848 4110 philosopharinam,
883 4021 969 4103 haud
993 4043 1137 4102 memor,
1169 4025 1205 4086 in

65 4115 134 4188 idam
164 4148 201 4200 ac
228 4128 340 4194 Latini
368 4128 482 4192 incidit
508 4129 631 4192 vitium.
683 4125 750 4192 Sed
778 4141 877 4212 quum
907 4120 1206 4212 tamnegligenter

66 4218 205 4308 disputet,
239 4243 274 4294 ιιι
297 4233 332 4295 in
354 4227 422 4295 illis
442 4228 594 4313 Dionysii
617 4226 723 4294 verbis
749 4227 952 4318 exponendis
971 4221 1157 4316 ναἰτιᾶσθαι
1174 4241 1208 4293 et

66 4329 218 4400 attacum
232 4334 422 4414 contundet:
444 4333 500 4396 isti
516 4349 581 4396 nou
594 4341 717 4396 tautum
731 4327 934 4394 tribuendum
956 4340 1022 4409 est,
1048 4344 1084 4396 ut
1103 4348 1165 4395 non
1186 4350 1207 4393 a

67 4441 139 4496 recta
151 4436 344 4505 viaavettat.
385 4433 479 4504 Haec
492 4436 577 4500 ‘cauo
595 4431 687 4501 affert
705 4431 803 4520 (apud
816 4428 924 4497 Bakk.
936 4453 968 4520 p.
985 4436 1102 4520 862.)ι
1123 4427 1207 4498 κατὰ
