2770 5082
458 220 781 302 *llll-..-

51 413 156 494 vidue.
208 414 276 491 lam
292 422 425 507 egregie
441 419 531 488 huie
528 422 752 563 descriptioni
765 433 915 499 convenit
935 431 988 512 id,
1013 431 1096 517 quod
1112 433 1198 500 inira

49 521 110 590 dicit
123 519 325 588 Pindarust.

158 607 221 690 Ὠ
246 619 383 712 Κύπρον
407 627 565 700 caracara
587 624 661 698 τιιλν
687 624 812 703 cada*
796 656 828 713 ις
853 629 962 716 ἄλσος.

46 727 76 790 tt
93 725 206 792 videtur
226 747 308 792 sane
329 728 413 797 illud
434 734 548 798 lanum
573 735 794 802 meretricibus
816 741 1020 822 potissimum
1044 755 1191 804 summae

46 829 182 893 sanctitati
198 830 320 913 fuisse,
346 835 430 920 qarod
448 833 500 900 vel
518 837 595 904 inde
618 837 774 927 colligas,
801 841 886 926 quod
909 864 1011 928 prope
1035 837 1190 926 templum

44 931 104 998 illud
117 931 225 998 Laidis
239 935 301 999 fait
315 936 509 1023 sepulcrum,
529 953 564 1003 ut
579 954 714 1006 testatur
729 942 912 1010 Pausanias
925 968 965 1010 eo
979 946 1066 1024 loco,
1091 965 1187 1030 quem

44 1036 111 1100 dixi:
134 1039 186 1103 aral
209 1035 315 1129 τάφος
336 1043 483 1121 Λαΐδος,
518 1040 686 1132 subiungit
702 1045 778 1128 ille,
812 1035 839 1138 ᾧ
860 1041 901 1131 δὴ
927 1053 1041 1118 λέαινα
1062 1046 1186 1130 ἐπίθη-

9 1189 10 1226 3
41 1136 76 1225 pri
93 1140 153 1206 iota
177 1135 268 1229 κριὸν
294 1141 413 1230 ἔχουσα
439 1145 474 1212 ἐν
494 1150 563 1232 rofa
588 1149 758 1238 προτέροις
780 1154 891 1220 ποσίν.
957 1149 961 1162 “

122 1241 226 1308 Versu
245 1247 356 1330 quinto
376 1247 480 1312 forma
505 1244 632 1320 ποττὰν
652 1254 825 1321 offensioni
845 1257 905 1320 fait
919 1249 1105 1329 Boeclrhio,
1125 1252 1186 1337 ‚qui

9 1433 11 1436 Ι
41 1342 414 1424 substituendum-consuit
429 1345 511 1439 πρὸς
526 1345 602 1420 τὰνι
630 1356 689 1418 scd
713 1379 776 1422 non
797 1355 872 1422 licet
889 1355 969 1420 baec
985 1355 1128 1424 carmina
1142 1355 1185 1417 ad

9 1517 10 1528 ρ
40 1449 153 1512 eandem
168 1471 313 1515 normam
330 1456 519 1520 examinare
536 1471 630 1541 atque
646 1455 788 1544 reliqua:
815 1463 922 1523 maior
942 1462 1028 1522 enim
1049 1455 1185 1520 licentia

9 1575 10 1644 j
39 1551 125 1616 accliis
136 1552 276 1656 aliisque
297 1556 494 1624 carminibus
512 1559 732 1638 convivalibus
750 1573 800 1628 est
823 1582 997 1630 concessa·
1021 1560 1096 1624 hinc
1116 1559 1185 1623 dia

37 1651 118 1720 lactus
132 1679 258 1744 quoque
270 1662 404 1744 propius
419 1661 463 1726 ad
478 1661 643 1750 vulgarem
659 1686 846 1767 stratonem
858 1666 1008 1740 accedita
1022 1665 1070 1728 sic
1083 1665 1183 1726 ctiam
1264 1709 1270 1716 -

9 1757 10 1808 ἶ
38 1763 278 1846 albaeriptnm
299 1777 366 1828 est:
932 1789 937 1796 ·
1016 1792 1022 1800 r

9 1855 10 1884 ³
172 1857 273 1934 Ἀλλὰ
298 1857 466 1955 θαυμάζω
491 1869 525 1936 τί
542 1895 583 1956 με
609 1867 767 1954 λεξοῦντι
773 1795 915 1961 Ἰσθμοῦ

173 1963 355 2050 Arcadem,

9 2109 10 2112 ,
36 2066 97 2151 qnod
117 2089 178 2132 non
196 2084 247 2138 est
260 2073 468 2155 tentandam,
494 2079 642 2159 quamvis
659 2079 693 2140 in
709 2075 783 2140 aliis
798 2073 996 2140 carminibus
1011 2083 1110 2158 poeta
1127 2081 1182 2134 aut

34 2171 149 2251 λέξοισιν
171 2187 226 2238 aut
248 2173 372 2257 λέξοντι
393 2177 522 2241 dixerit.
584 2174 832 2270 Neque'hiatus
855 2191 906 2250 est
932 2173 1178 2263 improbandus:

9 2263 10 2280 ³
34 2273 141 2340 doricae
155 2280 244 2345 enirn
260 2277 337 2344 illac
353 2282 598 2346 terminationes
612 2302 676 2346 non
691 2282 875 2348 adsciscunt
890 2279 1030 2357 litteram
1047 2273 1082 2354 ῖς
1102 2297 1181 2342 cono·

9 2419 10 2464 3
33 2375 100 2442 ieras
119 2391 247 2466 praeter
267 2380 353 2448 elios
375 2385 620 2470 grarnrrraticum
644 2387 681 2450 in
700 2382 847 2450 Crameri
862 2382 984 2452 Aaecd‘.
999 2381 1023 2448 l.
1039 2403 1072 2466 p.
1093 2382 1180 2444 147.

33 2477 72 2546 Sic
84 2481 276 2550 Theocritus
290 2485 375 2552 dixit
386 2483 481 2552 XVI.
497 2491 559 2552 72:

145 2591 305 2657 Πολλοὶ
328 2588 506 2670 κινιισεῦνιι
530 2595 578 2656 irc
602 2580 724 2678 τροχὸν
750 2585 805 2680 cipp
792 2612 899 2675 ματος
918 2583 1025 2665 liram,

33 2687 81 2756 nisi
98 2689 178 2755 iorte
199 2689 249 2758 ibi
271 2705 421 2776 praestat
439 2689 599 2756 scribere:
637 2694 755 2761 πολλοὶ
786 2684 1060 2774 αινησεῦνιι.ἰῖν
1041 2709 1105 2754 εει
1128 2705 1178 2773 op.

33 2787 87 2854 lluc
100 2793 244 2875 aceedit,
270 2795 356 2880 quod
379 2793 506 2862 hiatus
497 2817 531 2859 ιο
547 2796 678 2860 nornine
693 2795 824 2880 proprio
838 2796 942 2857 minus
957 2793 1055 2868 etiem
1071 2808 1179 2872 repre·

32 2887 200 2964 landandus
211 2909 274 2962 est
293 2897 368 2962 λιιι·
357 2919 393 2962 ιιι
408 2897 494 2964 bac
485 2919 558 2982 apsa
573 2919 655 2964 voce
670 2898 798 2978 admisit
812 2895 938 2960 hiatum
953 2907 1048 2980 poeta
1061 2887 1178 2956 Isthm.

32 2990 96 3062 l8·
136 2995 210 3068 Τάν
238 2999 387 3091 ἁλιερκέα
417 2994 562 3088 Ἰσθμοῦ
593 2995 729 3094 δειράδα
753 3017 785 3065 ct
805 2998 884 3111 ibid.
905 3020 936 3062 v.
959 3004 1026 3063 32.
1054 2998 1179 3062 Ποσει
1257 3077 1262 3085 Ι

32 3094 110 3168 lulum
128 3099 257 3194 Ἰσθμῷ
282 3127 318 3170 τε
338 3101 461 3190 ζαθέα.
1228 3123 1232 3134 “

118 3204 259 3272 Versum
292 3218 440 3294 quartum
471 3206 655 3272 decimum
666 3221 698 3272 et
730 3207 782 3292 qai
816 3216 990 3290 sequuntur
1017 3162 1177 3282 adscripsi

32 3321 143 3388 quartas
167 3307 343 3394 strophae,
366 3312 412 3376 ita
428 3321 465 3374 ut
476 3311 560 3374 inter
574 3309 635 3375 laos
651 3323 684 3374 et
699 3309 897 3374 exordium.
982 3311 984 3314 ’

174 3407 362 3502 Διδάξαμεν
383 3407 510 3500 χρυσὸν
530 3413 672 3504 καθαρᾷ
695 3405 832 3502 βασάνῳ
1172 3467 1174 3475 ,

32 3529 96 3578 uuas
117 3513 299 3594 versiculus
317 3517 531 3596 interciderit,
556 3515 642 3601 quod
665 3514 744 3579 milri
765 3536 804 3578 eo
826 3508 1027 3599 probabilius
1045 3509 1179 3582 videaur,

32 3619 161 3696 quoniam
179 3631 313 3705 proptor
326 3622 519 3706 gravitatem
536 3616 706 3684 verborum
730 3615 849 3682 inultas
873 3635 993 3701 easque
1014 3613 1180 3681 breviores

33 3725 190 3786 sententias
211 3721 265 3786 vol
286 3724 356 3788 siae
377 3717 445 3786 ullo
465 3719 597 3798 vinculo
614 3718 777 3786 cumulare
793 3719 877 3784 solet
892 3716 1063 3792 Pindarus.
1116 3712 1182 3778 Sed

31 3817 151 3896 fortasse
166 3825 205 3890 lri
218 3846 332 3898 versas
346 3826 536 3892 remotiores
551 3821 681 3888 suntab
698 3822 755 3888 illo
779 3822 917 3888 exordio
938 3819 1109 3908 strophae,
1135 3819 1181 3885 ita

33 3934 181 4008 utpartem
203 3930 333 4013 quintae
349 3926 503 4012 strophae
521 3927 729 3992 confecerint.

118 4029 205 4096 later
226 4029 338 4096 soolia·
352 4029 465 4095 retulit
486 4027 673 4096 Boacklnius
687 4029 793 4094 ‘etiam
818 4025 907 4092 aliud
923 4043 1072 4100 carmen,
1097 4016 1184 4104 quad

35 4126 61 4188 in
78 4126 251 4196 Theoxeni
270 4135 361 4218 pueri
385 4133 511 4196 venusti
537 4133 744 4218 praeconium
771 4129 981 4212 canapoaitum
1008 4135 1067 4186 est.
1101 4117 1184 4182 Sed

37 4231 153 4298 scoliam
177 4235 281 4328 inisse
303 4235 391 4300 nullo
415 4235 533 4304 idoneo
549 4246 749 4322 argumenta
771 4231 940 4313 exipsius
950 4225 1113 4288 caratinis
1129 4243 1186 4286 aa·

37 4342 95 4397 tara
117 4341 220 4422 petito
241 4359 346 4424 nsque
369 4339 553 4406 testimonio
567 4339 777 4404 extrinsecus
799 4331 906 4416 posito
926 4323 1033 4412 potest
1054 4328 1188 4391 deman·

35 4441 128 4508 sirmi.
159 4443 228 4514 iuro
243 4444 341 4530 igitur
354 4440 432 4506 aum
448 4441 558 4508 vitleor
573 4439 679 4506 illud
670 4451 753 4504 anter
768 4438 911 4500 ertcoottu
928 4431 1034 4518 potius
1057 4431 1187 4495 referre.
