2800 5082
626 222 943 308 -ὶ-142--κν

196 433 407 501 Chremetem
428 424 674 510 helli'tempere
698 439 826 510 euplum
849 421 996 491 Athenas
1019 429 1148 491 venisse
1164 429 1230 493 sire
1243 427 1341 511 sehm,

203 542 272 604 sive
296 539 361 598 iam
386 554 458 597 eum
482 529 574 594 Doeo
597 539 702 592 uxore
725 526 975 613 Hyperbeloque
995 527 1086 609 filio,
1116 531 1148 593 id
1164 531 1244 622 quud
1260 537 1342 597 nesei-

65 652 68 657 '
203 661 286 706 ιιιιιι.
328 633 431 702 Nobis
455 635 538 697 enim
561 651 645 724 ntrue
659 631 786 716 quidem
802 633 883 696 satis
897 644 963 708 eet,
990 631 1232 716 Hyperbolum,
1255 637 1341 698 virmn

203 744 338 814 fortem,
372 759 393 801 a
419 727 591 800 Chremete
613 747 832 817 procreatum,
864 731 905 797 ab
926 733 1112 818 Antiphane
1134 749 1238 800 autem
1258 737 1342 802 multo

197 857 278 930 ‘poet
294 842 478 925 adoptatum
502 857 575 900 esse
602 832 798 920 (ἐποιήσατο
817 830 920 904 αὐτὸν
932 828 1154 925 Ἀντιφάνης,
1183 839 1343 924 Χρέμηςὸἑ

204 941 387 1032 ἐποίησιν).
436 942 484 1004 Ex
504 939 554 1002 his
569 941 721 1024 cognosci
735 951 860 1023 potest,
886 937 971 1003 haud
992 937 1074 1004 bene
1091 939 1283 1005 Meiuekium
1295 942 1312 1004 l.
1325 941 1343 1006 l.

203 1052 238 1113 in
253 1047 359 1111 medie
375 1041 563 1129 reliquisse,
583 1061 722 1127 quonam
738 1038 946 1126 Hyperbolus
962 1056 1054 1126 patre
1070 1065 1149 1107 usus
1165 1057 1256 1108 esset.
1292 1043 1342 1106 Sel

203 1153 309 1217 minus
325 1149 422 1211 etiam
441 1143 571 1220 solani,
595 1146 657 1208 viri
678 1145 879 1229 caeteroquin
895 1147 1092 1226 ueutissimi,
1114 1148 1269 1210 sententie
1283 1167 1340 1230 pm-

203 1253 273 1319 bari
288 1263 402 1337 potest.
455 1247 489 1312 ls
508 1249 594 1310 enim
613 1247 653 1309 ad
670 1245 796 1323 scholia
809 1246 948 1314 Luciani
963 1246 1048 1313 hune
1061 1251 1094 1312 in
1111 1249 1241 1313 modum
1256 1249 1342 1334 ‹lispu-
1374 1320 1375 1328 ρ

198 1371 265 1424 tat:
288 1391 371 1434 ‚,-
395 1347 492 1436 Atqui
506 1350 608 1413 'ruodo
624 1370 668 1412 ex
686 1347 885 1414 Androtiane
900 1361 1054 1430 notatur,
1070 1349 1263 1436 Antiphauie
1285 1373 1340 1414 eum
1374 1339 1375 1384 λ

202 1453 446 1527 luisse-filium:
479 1453 638 1542 suspieari
668 1449 762 1527 lieet,
795 1450 1012 1535 Antiphauem
1035 1455 1149 1518 iuuosa
1172 1453 1340 1518 Comoediae

203 1561 354 1628 libertate
368 1557 626 1620 translorrnatnm
647 1553 768 1618 abiisse
782 1556 816 1617 in
832 1553 1055 1630 Chremetem
1082 1557 1166 1643 quud
1182 1555 1339 1641 Theopom-

204 1685 280 1750 pum
305 1659 420 1726 fallere
442 1659 562 1741 putuit:
598 1677 670 1720 nam
690 1657 882 1748 ΑιιιΙιοῑίοιιὶ
896 1659 1001 1720 maior
1014 1641 1064 1722 es't
1077 1661 1113 1722 in
1136 1657 1231 1724 rebus
1249 1660 1339 1744 patriis

74 1737 78 1759 Ι
122 1819 124 1824 .
204 1759 484 1830 habendafirlest‘
526 1757 793 1824 Nisifertehuee
812 1781 831 1822 a
852 1758 1340 1845 magnoHemsterhusieseripta

120 1857 142 1886 *
187 1868 295 1932 suut·
325 1865 477 1948 queniam
495 1862 622 1948 quidem
636 1863 763 1926 dicendi
779 1883 882 1948 genus
896 1883 960 1926 nun
975 1861 1088 1928 Seiani
1110 1867 1216 1962 petius
1230 1863 1340 1930 facilita-

143 1983 146 1990 ⁴
171 1973 176 1992 “
200 1984 270 2036 tem
285 1969 405 2043 refert,
432 1985 528 2052 quam
530 1963 766 2050 arnpullus'l'.
784 1957 1033 2030 Hemsterhusii.
1375 1930 1376 1980 l

355 2389 359 2396 ,
463 2271 1113 2404 enumeraremus.

307 2464 475 2534 Ridiculus
488 2465 604 2546 humo,
632 2467 719 2546 sive,
745 2479 780 2530 ut
795 2488 911 2552 grueee
927 2467 1090 2548 dicamus,
1117 2465 1341 2589 χρῆμαγέλοιρν

204 2575 305 2640 luisse
326 2583 455 2656 putatur
471 2568 675 2650 Clisthenes,
705 2569 745 2632 de
763 2591 826 2652 quo
848 2571 911 2633 iem
933 2569 1026 2634 nubis
1042 2575 1102 2636 erit
1125 2565 1341 2669 βροχύςρος
1268 2593 1341 2643 ιοος

204 2669 251 2744 θ
271 2668 445 2759 ὁμῦθος,
477 2665 561 2740 κατὰ
597 2665 655 2737 τὸν
683 2668 862 2757 Αλσχύλον.
917 2671 1069 2754 Huncin
1093 2675 1242 2756 erunibus
1262 2692 1340 2758 paene
1376 2697 1377 2742 ῑ

163 2822 166 2826 -
205 2777 339 2842 fabulis
352 2777 532 2882 exagitavit
552 2772 803 2858 Aristophanes,
834 2776 974 2860 primum
997 2779 1148 2862 quidem,
1179 2777 1340 2846 arridetur,

66 2892 74 2908 '
162 2937 166 2945 ,
206 2873 407 2944 iuAeharn.
410 2899 442 2940 v.
459 2882 614 2960 118sqq.

203 3025 205 3030 -
369 2982 425 3046 καὶ
450 3003 519 3045 rem
542 2983 601 3063 μὲν
620 2970 790 3065 εὐνούχοιν
810 2970 869 3047 ιόν
896 2986 1007 3065 ἕτερον
1026 2979 1181 3052 τουτονὶ

369 3065 507 3165 3quch
488 3105 525 3156 ος
549 3087 633 3162 ἐστι,
663 3079 909 3164 Κλεισθένης(
894 3107 912 3148 ο
938 3084 1137 3174 Σιβυρτίου
1250 3146 1255 3152 .

369 3208 395 3248 ω
380 3172 652 3270 θερμόβουλον
671 3184 820 3268 πρωκτὸν
851 3185 1037 3310 ἐξυρημένε,

367 3280 494 3352 τοιόνδε
520 3272 600 3351 δ’
573 3309 598 3348 ω
624 3283 748 3365 πίθηκε
778 3279 838 3352 τὸν
861 3281 978 3372 πώγων
982 3287 1129 3374 Ἴκον,

368 3383 524 3472 εὐνοῦχος
549 3377 628 3470 ημῖν
634 3377 794 3466 ἦλθις’
779 3387 1031 3474 ιοκιυοιομένοςς

369 3487 480 3555 tutele
466 3492 555 3566 ὲτίς
580 3513 643 3554 ποτ
652 3481 782 3571 ’turim
819 3489 859 3558 οὐ
885 3487 992 3574 δηιιοο
1014 3487 1202 3580 lenticum

204 3590 308 3655 Suana
325 3595 423 3662 totius
438 3589 503 3657 loci
518 3590 598 3656 haee
614 3605 672 3658 est.
713 3590 796 3656 'l'res
815 3592 917 3680 legati
933 3615 951 3656 a
966 3617 1044 3682 rege
1061 3595 1229 3658 Persarum
1243 3585 1341 3654 seilicet

204 3692 341 3758 reduces
373 3693 605 3777 producuntur,
641 3696 680 3758 de
699 3694 813 3780 quibus
830 3695 1003 3779 Meryuhns
1027 3699 1182 3776 oratoris,
1208 3689 1339 3758 Pseuda-

203 3792 299 3860 tabae
314 3791 516 3872 Clisthenes,
528 3795 640 3862 Strato
654 3798 790 3882 leuique
806 3798 938 3862 alterius
953 3799 1087 3865 eunuchi
1105 3803 1173 3885 agit
1185 3807 1339 3900 personam·

204 3895 405 3964 Seholiautes
422 3898 461 3960 ad
477 3919 507 3961 v.
527 3891 585 3962 61.
605 3901 810 3986 πρὲσβειςδὲ
837 3889 929 3968 aurei
947 3897 1029 3968 εἰσιν
1054 3907 1088 3969 οἱ
1114 3904 1188 3988 περὶ
1211 3899 1265 3966 τὸν
1282 3879 1339 3960 Me-

203 4023 321 4088 ρνχον,
347 3999 586 4084 ἐμπλησθέντες
605 4003 742 4092 τροφῆς.
794 3998 887 4093 Quae
902 4025 1000 4088 quum
1015 4027 1059 4070 ex
1078 4007 1209 4089 antique
1225 4015 1254 4064 et
1267 4011 1338 4079 egre

203 4111 257 4188 gio
273 4104 362 4168 fonte
375 4104 521 4168 derivata
537 4104 620 4182 sint,
647 4104 687 4166 de
709 4085 866 4186 Moryehu
886 4103 994 4191 legato
1013 4127 1077 4180 neu
1097 4107 1203 4192 retegis
1218 4098 1339 4166 dubitare

203 4201 299 4283 lieet,
322 4205 472 4289 quamde
489 4203 654 4270 Clistheue
672 4205 893 4297 Stratonequa
903 4208 1068 4274 eunuchis.
1102 4207 1258 4291 Principio
1273 4191 1338 4283 quod

187 4302 256 4368 *hie
278 4297 464 4372 Clisthenes
488 4305 620 4391 Sibyrtii
646 4305 735 4372 filius
765 4307 829 4372 diei
857 4310 996 4390 videtur,
1032 4312 1066 4375 id
1089 4331 1134 4374 ex
1154 4311 1202 4372 rei
1228 4304 1338 4368 ueritate

120 4445 122 4450 .
202 4405 396 4472 metiendum
412 4431 484 4474 esse
500 4407 675 4476 Elmsleius
691 4423 800 4496 negat.
838 4409 924 4480 Nam
938 4434 1033 4500 quum
1049 4410 1182 4495 Sibyrtii
1198 4406 1338 4496 putesne
