2800 5082
625 255 684 314 -,-
743 216 927 298 ot·-·

193 427 286 515 quani
317 426 454 493 irotrnrn
480 423 706 490 coniunctione
732 409 918 488 vertebatur
932 425 971 508 ¹⁸).
1029 409 1153 486 Eadem
1185 417 1227 484 do
1256 436 1358 485 nausa

194 529 352 612 severitas
374 525 564 616 disciplinae
582 541 616 591 et
636 525 819 592 communio
844 525 950 590 omnia
977 525 1118 612 praedae
1148 541 1231 608 opua
1257 535 1358 598 erant,

195 635 262 699 nini
279 629 365 718 quod
380 631 517 718 principi
536 631 641 695 maior
657 629 765 716 portio
782 619 1026 713 concedebatur.
1074 625 1115 720 In
1128 629 1209 711 pa'ce
1224 627 1360 690 comita·

194 748 247 801 tun
268 733 314 799 aii
336 754 402 799 non
425 746 566 822 poteram
593 751 656 820 qno
679 719 785 798 nutem
803 743 946 816 tempore
960 729 1102 817 quotidie
1117 748 1201 794 noca
1216 725 1360 812 pericuia

0 917 1 924 ἵ
195 833 426 918 iuuuiuebant,
460 847 494 901 et
518 825 668 902 continua
691 833 779 900 belia
801 831 1007 911 saeviebant.
1041 835 1211 899 comitatus
1233 849 1362 916 perma-

100 923 107 944 '
196 951 293 1006 nante
313 941 505 1005 necessitato
527 937 777 1024 permanebant,
798 948 830 1000 et
845 923 1081 1024 quodammodo
1096 933 1171 1000 ioco
1187 933 1361 1018 perpetuo·

196 1065 267 1110 ruru
291 1044 489 1108 exercituum
512 1054 613 1106 erant.
666 1038 738 1117 Quo
760 1040 879 1104 iactum
903 1051 969 1119 est,
997 1052 1031 1104 ut
1053 1053 1085 1104 et
1106 1037 1139 1102 in
1159 1035 1235 1102 auin
1249 1055 1362 1124 regum

196 1147 394 1212 Francorum
414 1157 637 1224 servarentur,
668 1144 761 1230 quasi
780 1141 939 1228 quaedam
961 1155 1068 1208 castra
1089 1142 1222 1216 stativa,
1253 1153 1287 1206 et
1310 1137 1362 1202 ubi

197 1247 279 1314 nulii
297 1249 451 1329 inissent,
483 1248 653 1332 comitatus
671 1247 938 1337 instituerentur,
971 1247 1048 1336 quia
1076 1243 1150 1308 auia
1170 1243 1265 1328 regia
1294 1243 1363 1306 siue

199 1352 359 1416 eiuarnodi
383 1348 571 1418 custodibus
593 1353 651 1422 vix
667 1369 744 1420 ,curu
772 1349 927 1434 dignitate
958 1363 990 1413 et
1016 1369 1057 1412 nc
1088 1364 1202 1412 secura
1232 1346 1364 1432 quidem

200 1475 298 1542 agere
320 1469 454 1540 poterat.
506 1447 601 1544 Quae
622 1454 683 1518 fuit
709 1453 885 1538 praecipua
906 1473 1024 1532 causa,
1049 1455 1115 1535 qua
1137 1468 1190 1514 res
1212 1447 1364 1527 feodalis,

199 1579 244 1622 ex
259 1556 464 1622 comitatibus
477 1569 565 1640 orta,
591 1572 650 1640 per
664 1555 772 1620 omnin
787 1572 888 1640 regna
906 1551 1139 1621 Germanorum
1160 1563 1226 1617 tarn
1252 1549 1364 1616 celeri·

199 1673 249 1724 ter
263 1675 423 1735 manaret,
450 1673 643 1744 quamquam
658 1658 848 1747 innumerae
866 1655 950 1721 aliae
975 1675 1093 1722 causac
1114 1657 1307 1738 effecerunt,
1334 1666 1366 1716 ut

199 1773 364 1845 postremo
379 1763 449 1828 iere
462 1763 571 1824 omnia
587 1759 695 1824 alodia
711 1759 857 1824 iniectio
873 1773 1145 1825 converterentur.
1169 1756 1266 1846 riddo
1283 1755 1365 1844 quod

202 1864 372 1928 comitatus
395 1861 506 1930 booten
525 1864 557 1926 in
577 1863 655 1949 iuga
676 1859 945 1946 persequebatur,
972 1862 1112 1927 hostiurn
1134 1864 1294 1946 impetum
1310 1881 1366 1924 ex·

202 1963 363 2050 cipiabat,
384 1966 418 2030 in
441 1951 628 2051 peregrinat
649 1979 751 2030 terras
772 1963 955 2030 incredibili
977 1963 1140 2030 celeritate
1163 1964 1367 2028 incursiones

201 2064 359 2150 iaciebat,
382 2089 427 2137 aa
442 2067 613 2134 defensore
625 2065 750 2132 subitus
767 2087 940 2154 aggressor
953 2053 1064 2133 fiebat.
1112 2067 1214 2131 iidem
1231 2067 1366 2132 comites

200 2168 256 2234 vei
274 2173 418 2236 maxime
440 2169 576 2235 conoiiia
590 2168 804 2250 adiuvabant,
825 2168 938 2257 quibus
954 2171 1101 2235 defensio
1123 2167 1238 2233 finiunt
1263 2175 1366 2252 (mar-

202 2269 333 2364 carum)
369 2270 585 2356 spectabatur.
636 2272 804 2337 Postremo
835 2285 903 2338 tota
933 2295 1034 2361 regua
1055 2283 1309 2358 expugnarunt,
1336 2281 1367 2358 ut

202 2374 320 2441 Franci
336 2373 493 2450 Galliarm
519 2377 554 2440 iu
577 2391 641 2460 quo
663 2388 765 2462 regno
785 2377 896 2440 omnia
916 2379 1071 2441 victorum
1085 2376 1232 2440 instituta
1246 2397 1295 2438 ex
1314 2393 1366 2436 na·

203 2493 273 2542 tura
296 2491 329 2543 et
349 2476 479 2565 iegibus
499 2480 689 2557 comitatus,
715 2475 831 2564 quibus
851 2475 920 2542 dux
935 2491 968 2544 ct
982 2480 1116 2544 comites
1133 2492 1367 2568 pugnaverant,

202 2581 435 2668 victoriamque
450 2593 660 2667 paraverant,
684 2581 830 2665 proiecta
844 2593 928 2644 stant.
1069 2597 1077 2609 ¹
1141 2593 1152 2616 ²

300 2685 368 2766 Ea,
391 2705 475 2772 quae
496 2681 595 2750 motio
617 2683 709 2764 dixi,
723 2681 785 2748 vel
804 2685 951 2748 maxime
970 2693 1082 2768 patent
1104 2666 1160 2747 ex'
1174 2703 1211 2746 re
1237 2679 1368 2746 militari

203 2785 331 2870 imperii
350 2785 545 2852 Francorum
569 2783 631 2850 sub
652 2784 772 2850 Cereio
794 2779 845 2852 M.
893 2785 931 2849 In
959 2786 1130 2870 praesidiis
1158 2781 1368 2869 imperatoris

204 2905 269 2950 non
292 2901 501 2980 accusetque
524 2889 758 2974 antiquissimis
783 2885 983 2976 temporibus
1011 2901 1082 2954 erat
1107 2899 1176 2952 turn
1205 2889 1368 2952 exercitus

205 2989 288 3074 (das
310 2987 563 3076 Natiouaibeer)
585 2999 652 3054 turn
676 2987 778 3055 Socra
800 2991 876 3072 (die
901 2989 1027 3055 Schaar
1051 2991 1074 3054 i.
1100 3011 1130 3054 e.
1153 2987 1369 3075 Comitatus).

203 3089 257 3156 Ex
273 3091 372 3158 Suara
388 3085 586 3158 ducebantur
602 3093 768 3158 metemur
786 3093 809 3154 i.
833 3111 863 3156 e.
886 3094 1052 3178 praesidia
1075 3103 1245 3178 portuum,
1269 3095 1370 3156 ostio·

203 3215 275 3259 curu
294 3194 479 3274 fluminum,
505 3213 701 3275 marcarum,
728 3193 936 3260 castellorum
955 3209 988 3260 et
1011 3197 1156 3260 maxime
1172 3191 1288 3269 auiae3
1322 3195 1370 3280 qui

204 3300 361 3380 postremi
389 3303 425 3362 t'tt
453 3297 585 3368 Pulutt'o
608 3298 785 3364 militanter
810 3297 1009 3363 dicebantur.
1060 3299 1103 3362 Er
1125 3319 1219 3362 scara
1243 3299 1369 3382 quidem

73 3393 78 3400 ’
203 3395 394 3481 buperatari
419 3400 509 3462 omni
532 3405 676 3484 ternpore
700 3411 828 3487 praesto
850 3413 940 3480 erat,
963 3403 1062 3465 otiam
1085 3419 1184 3486 quum
1204 3403 1369 3474 exercitus

193 3499 358 3566 dimissus
381 3513 480 3564 esset.
527 3496 675 3590 Denique
702 3521 796 3568 soum
820 3489 992 3592 perpetuus
1016 3501 1180 3568 exercitus
1204 3501 1289 3591 (das
1312 3515 1370 3566 ste·

204 3600 310 3668 bonde
324 3601 433 3690 Heer)
447 3603 576 3689 imperii
591 3603 668 3688 init,
697 3603 832 3696 aliisque
848 3627 942 3694 quarn
958 3605 1121 3672 exercitus
1134 3600 1267 3690 iegibus
1283 3624 1371 3691 rege·

204 3701 310 3778 batur.
361 3703 463 3774 Senta
484 3710 521 3778 ia
542 3707 663 3795 praetia
684 3711 774 3778 orani
793 3707 911 3778 bollion
931 3719 1057 3795 partem
1070 3705 1232 3780 babebat:
1258 3727 1371 3779 marae

239 3935 265 4000 ⁹)
292 3928 501 3984 otnero-orto
524 3943 595 3999 rege
610 3929 843 3984 Auruncorum
867 3943 886 3982 a
902 3925 1038 3983 Romanis
1062 3937 1148 4001 capto
1174 3927 1287 3983 mnam
1309 3927 1371 3988 ciat,

272 4015 526 4077 mosum,
555 4021 584 4068 rt
599 4023 653 4068 trac
672 4013 756 4069 utet
773 4011 1095 4085 hairaiseiflcga'tien
1112 4005 1244 4068 arbitrati
1256 4023 1372 4084 pectre·

272 4115 338 4176 gau
353 4099 445 4155 οὐκ
458 4099 503 4153 nei
514 4111 569 4167 pro
584 4115 652 4172 rege
669 4117 723 4156 ton
741 4101 825 4165 nori,
849 4099 875 4154 ti
896 4099 938 4154 itu
953 4097 1048 4154 tatem
1066 4112 1163 4166 mae,
1186 4099 1328 4154 tradidere
1347 4111 1372 4148 rt

273 4187 437 4244 minu.
470 4187 608 4243 amatu.
627 4185 717 4240 Marc
735 4187 783 4251 tt,
810 4191 859 4250 ta,
887 4185 932 4239 σο.
963 4183 1173 4242 nanturra.
1194 4187 1239 4239 lt.
1266 4183 1372 4257 Insunt

274 4269 773 4344 hominumn,
796 4263 1101 4342 umere-ear
1124 4271 1371 4326 marcien-

274 4359 392 4414 m
423 4354 777 4429 ffldrsmmoei,
795 4369 847 4414 m
863 4353 1302 4432 queqncsortn'aefmgiariu
1318 4353 1371 4408 citt

259 4439 421 4516 *ἅμα
434 4444 614 4515 μείρει·
633 4453 830 4500 mmm
846 4449 896 4498 rot.
