2800 5082
75 902 133 997 Ab
158 926 385 1010 admiratione,
413 929 531 1015 quippe
559 938 643 1016 qaae
666 928 808 994 animam
830 939 861 994 et
883 929 1040 996 excitarat
1063 885 1096 990 at
1118 925 1220 988 inten-

76 1036 169 1115 deret,
211 1046 339 1098 veteres
365 1030 552 1117 philosophi
582 1031 775 1130 cognitionis
809 1033 967 1116 originem
995 1030 1221 1113 repetiverunt.

72 1137 276 1203 Admiratioui
307 1149 412 1218 autern
445 1136 676 1200 cousuetudine
707 1130 791 1200 nihil
823 1147 873 1198 ast
907 1134 1068 1224 infestius.
1132 1125 1222 1192 Usus

73 1242 153 1304 enirn
169 1236 345 1325 quaerendi
369 1239 461 1322 quasi
482 1235 630 1302 edmulos
649 1239 695 1302 ita
715 1233 880 1313 obtrudit,
911 1237 1097 1321 utfanimos
1117 1229 1222 1316 quoti·
1317 1272 1331 1298 ‚·
1366 1289 1369 1306 ,

72 1343 160 1406 diana
179 1340 261 1406 nihil
287 1353 456 1420 moveant,
480 1337 612 1405 insolita
634 1351 759 1418 tautum
782 1327 986 1422 percellant.
1022 1333 1118 1402 Unde
1140 1351 1222 1416 quae

71 1447 170 1530 pueris
184 1459 336 1536 tauquam
353 1438 714 1535 neeessariainouleata
729 1455 828 1517 snut,
844 1442 903 1504 vix
925 1440 988 1504 viri
998 1435 1222 1520 intelligimus.

71 1547 153 1612 Adeo
175 1550 415 1626 inueternrunt,
442 1558 477 1610 ut
492 1546 585 1631 quasi
610 1567 630 1608 n
653 1557 766 1608 natura
785 1533 897 1608 innata
911 1564 970 1627 per
983 1562 1019 1606 aa
1040 1552 1149 1626 patere
1165 1555 1223 1620 pu·

72 1663 174 1714 tentor.
229 1646 373 1723 Quorum
399 1651 436 1714 in
454 1666 586 1714 munero
611 1633 707 1734 quum
738 1643 910 1712 nonnullae
940 1663 982 1708 ex
1012 1640 1224 1728 grammatica

72 1756 209 1818 redonas
222 1751 433 1817 oollooandas
457 1769 531 1840 esse
555 1769 770 1829 censeamus,
787 1767 872 1817 auno
894 1745 1023 1834 quidem
1048 1737 1223 1812 accusativi

71 1876 176 1922 nomen
193 1854 415 1940 inquirendum
438 1853 655 1938 proponimus·
1264 1919 1267 1924 ¹

59 1982 62 1990 ·
160 1955 291 2042 Reliqui
314 1975 411 2022 rasus
432 1955 508 2020 durn
532 1977 576 2018 ex
597 1977 633 2019 ro
650 1952 872 2038 appellantur,
906 1950 1083 2018 aeousatiri
1104 1965 1222 2012 nomen
1287 1947 1289 1952 ’

71 2064 161 2126 tantis
185 2061 345 2144 angustiis
365 2058 538 2143 premitur,
571 2071 621 2132 ut,
648 2055 800 2140 quiduis
818 2054 929 2139 quovis
950 2050 1016 2116 alio
1035 2043 1222 2114 transeundi

72 2162 160 2228 verbo
183 2174 321 2226 trartum
348 2165 411 2240 sit,
434 2181 499 2224 noa
518 2172 641 2224 temere
659 2159 798 2224 mireris.
847 2151 922 2228 Quo
940 2156 1026 2224 eninr
1044 2154 1115 2216 iure
1128 2169 1235 2238 actu-¹

70 2269 151 2331 sandi
171 2267 261 2352 notia
285 2275 431 2350 quartum
456 2279 567 2329 easurn
589 2273 741 2345 tanquam
763 2279 857 2324 suurn
884 2257 1071 2342 oeoepnvit,
1107 2251 1222 2318 eodem

69 2369 206 2452 profeeto
228 2379 276 2431 tot
288 2364 438 2434 feresihi
454 2363 615 2429 vindicare
629 2372 782 2446 possunt,
806 2371 886 2446 quot
898 2359 1015 2445 agendi
1030 2364 1221 2440 potestatem

70 2470 183 2536 hahent
202 2469 244 2536 ad
266 2492 320 2534 res
341 2465 567 2553 pertinentem.
618 2463 802 2530 Accusativi
824 2463 875 2526 vis
889 2461 965 2527 dum
979 2459 1137 2530 latissime
1153 2473 1223 2518 ma·

68 2589 131 2655 nat,
155 2574 287 2638 nomine
304 2572 511 2658 quidemsuo
522 2568 702 2634 arctissime
715 2566 849 2648 cogitur.
889 2559 954 2636 Qut
970 2557 1222 2650 ensibus-gram-

69 2679 188 2742 maticis
211 2696 330 2744 nomeu
350 2672 534 2750 finxerant,
567 2688 684 2734 eorum..
702 2667 737 2730 iu
759 2666 875 2732 esteris
894 2663 1005 2736 iudicii
1025 2658 1222 2744 elegantiam

70 2793 97 2844 et
122 2771 335 2844 subtilitatem
364 2793 543 2862 agnusoas,
570 2775 606 2836 io
637 2769 820 2836 aoeusatiuo
851 2784 985 2850 prorsam
1011 2755 1221 2826 desiderabis.

69 2880 178 2947 Errant
198 2881 302 2956 euim,
328 2875 556 2966 qaieiusmodi
574 2865 738 2958 exemplis
760 2869 852 2958 duoti
865 2869 996 2932 nomina
1011 2861 1221 2950 grammatica

67 2983 138 3048 nibil
160 2985 228 3050 uisi
241 3003 371 3062 meros,
391 3001 474 3066 quos
487 2988 622 3052 vorant,
655 2974 816 3040 terminos»
829 2970 993 3036 technieoa
1017 2987 1090 3030 esse
1111 2961 1222 3030 volue-

69 3099 149 3168 runt,
177 3098 335 3170 tauquam,
358 3085 457 3170 signa-
475 3081 616 3154 ademta,
652 3097 716 3143 uon
736 3074 802 3138 itta-
820 3073 947 3158 quidam
970 3091 1015 3134 ex
1035 3069 1083 3132 rei
1106 3079 1221 3146 natura

69 3188 245 3274 depromta,
272 3187 331 3252 sed
346 3187 551 3252 extrinsecas
564 3179 661 3246 rebus
681 3179 855 3260 imposita..
895 3173 984 3238 Sunt.
998 3170 1126 3256 quidem
1152 3166 1220 3244 alii,

69 3295 115 3376 pul
134 3287 234 3358 verba
254 3303 409 3378 tanprram
429 3307 543 3374 numos
569 3281 688 3351 velere·
699 3278 910 3355 arbitrentur,
944 3285 995 3352 ut,
1027 3272 1106 3334 dnm
1122 3289 1167 3352 rso.
1186 3268 1221 3330 iu

68 3395 143 3460 ritae
161 3393 356 3459 commerdio
370 3399 578 3462 recusantur,
604 3385 680 3470 qaid
696 3403 754 3466 per
771 3402 806 3444 se
823 3377 968 3456 valeant,
987 3372 1067 3438 nihil
1082 3371 1220 3436 intersit.

69 3493 123 3559 Sed
148 3519 222 3562 earn
245 3495 315 3575 his,
345 3494 497 3578 quoniam
518 3509 647 3554 omnem
672 3481 844 3550 verborum
868 3479 1040 3546 seientiam,
1062 3481 1220 3549 evertunt,

70 3617 127 3662 non
140 3598 289 3686 estquod
303 3613 495 3683 pugnemus.
550 3618 553 3629 ·

159 3701 347 3766 Aoousativi
377 3717 495 3761 nomen
527 3675 702 3776 antiquitus
736 3685 888 3751 traditum
923 3690 983 3745 est.
1030 3675 1103 3743 Iam
1133 3675 1233 3740 enim,
1337 3679 1341 3684 '

73 3796 168 3868 Varro
192 3803 224 3866 d.
237 3802 317 3890 ling.
338 3799 397 3866 lat.
410 3791 486 3864 Vll.
508 3801 568 3863 37.
590 3813 697 3860 oasrrrrt
722 3785 895 3880 aeousendi
915 3777 1067 3877 appellat.
1109 3773 1220 3876 ,Aecu-

74 3907 199 3971 satirum
215 3917 368 3990 tanquam
385 3923 455 3966 rem
473 3910 583 3964 notam
600 3881 694 3987 affert
713 3877 934 3968 Quintilraaus
953 3887 1027 3952 urst.
1049 3891 1130 3946 orat.
1144 3873 1219 3940 Vll.

75 3989 105 4068 9.
122 4005 340 4092 amphiboliae
361 4023 483 4090 genera
509 4016 719 4086 percenseas:
760 3995 974 4075 ,demutilat
1000 3980 1219 4071 geminatione

71 4105 148 4172 laeta
163 4107 361 4194 amphibolia
375 4105 509 4174 solvitur
531 4101 691 4165 ablativo:
725 4111 761 4162 ιιι
781 4094 891 4172 illud,
914 4086 1091 4154 Leehetem
1109 4079 1221 4142 'audivi
1321 4123 1323 4126 -
1386 4069 1387 4072 ’

72 4215 263 4304 permississe
284 4199 464 4285 Demeam,
494 4205 570 4285 fiat,
606 4197 789 4286 aLaohete
815 4209 998 4282 percussum
1025 4182 1221 4246 Demeams‘

70 4305 207 4380 isidorus
223 4313 353 4401 (origin.
366 4309 394 4376 l.
409 4304 455 4402 6.)
468 4310 560 4398 vocis
575 4297 868 4390 interpretationem
885 4295 919 4356 iu
936 4283 1096 4380 expeditu
1108 4279 1220 4357 haben

77 4414 117 4478 ait
135 4419 240 4499 emm,
270 4414 513 4502 „earumdem
544 4409 620 4500 qaia
640 4425 698 4494 por
727 4420 800 4470 aura
823 4391 1220 4489 'aliquemfaoouramusfl
