2800 5082
518 225 1036 328 ,--1510-'

300 437 359 502 τὸν
384 432 546 521 eriperer
572 429 738 560 ἀρρρὲθη
781 428 907 514 μᾶλλον
932 420 995 512 γὰρ
1023 412 1127 500 οὕτως
1153 422 1294 501 elotum,

301 531 385 604 κατὰ
411 534 564 618 Σελήνην
588 528 632 612 ὡς
656 531 746 620 α’γειν
772 525 835 620 χρὴ
858 530 916 596 τοῦ
941 531 1016 614 βίον
1042 521 1101 604 τὰς
1127 525 1255 615 ἡμέρας

200 637 335 702 Anna
318 640 431 718 Fabri,
446 625 563 704 docta
589 635 721 716 rnulier,
748 635 909 699 interdum'
936 634 1034 695 etiarn
1061 631 1208 707 faceta,
1221 625 1340 732 quidde

201 740 233 804 h.
252 741 275 804 l.
298 738 507 820 iudicaverit,
540 743 666 826 ignoro.
718 737 782 801 Sed
804 735 828 800 l.
854 735 897 800 H.
921 735 1062 799 Vossius
1081 730 1223 798 iabulam
1250 741 1340 792 narrat

200 843 318 928 oppido
335 844 520 920 ridiculam,
548 839 735 928 Hyperbolo
750 837 887 924 Delphis
902 837 1064 912 redeunti,
1089 856 1183 920 quum
1207 831 1274 896 urbi
1287 834 1338 894 iam

201 953 488 1034 appropinquaret,
515 961 680 1010 ventorum
698 943 900 1007 vehementia
916 961 1066 1004 eoronam
1090 939 1249 1020 decapite
1269 933 1341 996 abla-
1376 985 1377 998 .

78 1064 79 1070 ’
146 1113 148 1118 ⁴
199 1049 785 1134 tamethucillucdissipatanresse.
828 1043 898 1108 lmo
916 1065 993 1106 vero
1010 1039 1217 1126 Hyperbolus
1232 1034 1340 1123 puhlioo

199 1149 442 1217 hieromnemon
472 1153 576 1215 factus
601 1164 667 1225 est,
694 1149 753 1212 sed
780 1169 858 1212 tnox
892 1161 1039 1224 coactns,
1073 1144 1137 1208 hoe
1171 1145 1338 1226 magistratu

199 1252 393 1342 honorisque
409 1255 510 1342 gradu
527 1275 635 1317 rursus
651 1251 750 1316 abire.
791 1249 914 1326 Quodsi
929 1247 1019 1312 illico
1034 1267 1070 1310 se
1086 1230 1236 1310 abdicare
1253 1243 1338 1307 hiero·
1376 1321 1377 1326 η

129 1367 131 1374 “
198 1362 379 1422 rnncmonis
406 1361 566 1421 rminere'
559 1377 666 1420 mssus
685 1368 749 1434 est,
776 1375 840 1418 non
854 1373 940 1416 sano
965 1354 1113 1436 cuiquam
1137 1352 1250 1414 ruitum
1269 1346 1377 1408 vide·

199 1456 301 1540 bitur,
335 1463 419 1548 quod
445 1459 619 1524 scholiasta
640 1459 763 1543 prodit:
787 1452 979 1532 oddoied‘
969 1450 1123 1544 ιστόρηοε
1143 1450 1216 1519 κατ’
1238 1453 1337 1520 ἐκεῖνον
1376 1493 1377 1532 ,

198 1556 257 1638 τὸν
290 1557 440 1631 ἐνιαυτὸν
473 1546 691 1652 ἱερομνήμονα
724 1549 806 1629 εἶναι
839 1554 896 1625 τὸν
926 1556 1145 1644 “Yae'pfloiou
1195 1551 1334 1622 οὐδέπω
1376 1571 1377 1634 q

198 1657 277 1751 γὰρ
313 1665 528 1760 διέπρεπε,
571 1659 809 1741 Κλέωνος
790 1684 852 1729 eut
887 1657 1173 1740 terracmam
1198 1671 1334 1743 postrema
1376 1659 1377 1740 l

198 1764 284 1829 falsa
314 1780 388 1830 sunt
407 1781 460 1830 et
454 1765 555 1829 mhrlr
575 1766 738 1850 putanda)
763 1769 805 1848 ).
865 1763 963 1832 Haud
988 1760 1128 1824 absurde
1147 1777 1334 1848 quaesiveris,
1376 1771 1377 1826 3

199 1869 324 1932 cuinam
341 1873 409 1933 viro
424 1868 538 1932 Duco
529 1883 592 1932 usta
608 1883 705 1954 nupta
719 1870 824 1933 irretit.
879 1863 982 1941 Quam
1005 1867 1136 1928 tametsi
1152 1885 1260 1950 ornnes
1276 1881 1333 1924 cou-
1376 1847 1377 1856 Υ

198 1971 315 2034 cedunt
329 1970 552 2058 Hyperbolum
576 1972 630 2056 (at
649 1969 775 2056 qualem
791 1971 916 2047 uirum,
943 1967 1069 2053 qualem
1088 1971 1187 2032 etiam
1206 1967 1334 2049 demago·

199 2072 297 2159 gum)
320 2091 412 2159 partu
429 2075 587 2148 edidisse,
603 2075 763 2138 tumendo
779 2085 870 2157 patre
882 2068 1062 2154 Hyperboli
1078 2072 1182 2156 ipsius
1198 2073 1258 2132 iam
1273 2068 1334 2130 anti·

198 2177 302 2259 quitus
325 2176 500 2240 dubitatum
525 2191 585 2238 est.
636 2178 674 2240 Et
696 2175 854 2240 Aelianus
876 2175 1002 2257 quidem
1019 2172 1207 2236 hominem
1198 2172 1333 2235 rstumin·
1376 2181 1377 2298 q

198 2279 299 2340 veniri
322 2301 418 2362 posse
443 2279 587 2364 praecise
610 2294 723 2364 negat,
758 2267 1377 2399 6116111643.Ὑπερβόλρνὲ
1376 2301 1377 2380 q

197 2383 254 2446 καὶ
289 2383 505 2468 Κλεορῶντος
538 2415 588 2430 -
618 2375 770 2457 ονὸεὶς’
753 2403 798 2446 αν
824 2379 908 2446 εἴποι
940 2377 1061 2468 ρρόἰως
1092 2374 1173 2456 τούς
1204 2376 1330 2464 ποτέρας.

198 2483 353 2567 Equidem
379 2485 552 2549 honorem
576 2505 634 2546 acu
662 2484 807 2568 tetigisse
832 2481 984 2544 videor
981 2479 1154 2567 Namque
1182 2479 1281 2544 Sclrol.
1301 2477 1330 2540 ad

196 2583 272 2650 Pac.
299 2593 383 2652 664.
408 2587 529 2674 (686.)
550 2585 722 2672 Χρὲρητος
751 2586 786 2650 δὲ
814 2577 887 2660 υἱὸς
913 2607 955 2666 ην
977 2582 1191 2670 Ὑπέρβολος,
1215 2577 1333 2672 ἅὸελρὸς

197 2689 232 2754 δὲ
257 2686 418 2778 Χάρωνος
446 2728 516 2768 -,
548 2691 607 2752 vix
634 2711 672 2753 ac
697 2711 736 2751 ne
758 2690 816 2752 vix
841 2687 968 2771 quidem
983 2708 1090 2750 errare
1106 2690 1224 2773 potuit,
1250 2697 1280 2748 ut
1292 2683 1331 2767 qni

195 2791 326 2854 fratrem
342 2815 466 2877 quoqne
482 2789 680 2875 Hyperboli,
708 2790 906 2868 Charonem,
928 2811 1000 2852 eum
1022 2805 1159 2872 parente
1184 2791 1331 2870 coniunge·

195 2905 253 2954 ret.
290 2891 399 2977 Neque
425 2915 501 2956 vero
524 2891 720 2957 scholiastae
743 2894 785 2956 ud
807 2891 941 2956 Lucian.
959 2891 1000 2954 Τ.
1016 2890 1041 2954 Ι.
1055 2914 1087 2976 p.
1108 2897 1191 2956 164.
1209 2887 1330 2955 tutet

195 2993 311 3056 Lehm.
335 3006 366 3056 et
390 2992 606 3076 Antiphanem
630 3009 661 3058 et
684 2996 886 3059 Chremetem
902 3015 961 3078 pro
979 3007 1068 3078 patre
1087 2993 1261 3080 Hyperhnli
1275 3011 1331 3054 ren·

195 3097 311 3172 ditant,
330 3093 440 3180 ‘neque
457 3097 588 3158 omnino
610 3096 655 3158 ihi
672 3112 852 3182 repugnant
868 3096 931 3160 sibi
946 3097 1104 3160 Androtio
1120 3113 1153 3162 et
1170 3097 1330 3178 Theopom-

193 3220 270 3284 pus,
297 3198 354 3263 sed
372 3197 583 3282 pulcherrime
599 3198 724 3263 scilieet
736 3201 930 3284 conspirant.
983 3199 1032 3262 En
1050 3199 1133 3264 tihi
1124 3221 1194 3286 rpsa
1213 3191 1330 3262 scholia·

195 3300 447 3366 starmnverhza
470 3292 731 3387 Ὑπέρβολος
693 3327 804 3380 ουτος,
836 3301 880 3385 ὡς
899 3299 1096 3388 Ἀνδροτίῶν
1121 3305 1236 3394 φησὶν,
1256 3298 1332 3365 hret-

194 3402 319 3496 φολνοος
348 3428 387 3488 qv
415 3405 621 3493 Πνριθοίὸης
639 3439 707 3468 --.
759 3403 872 3491 ltaque
897 3403 938 3514 ab
963 3405 1147 3548 Antiphane
1172 3399 1329 3468 Perithoido

227 3667 251 3732 1)
273 3664 428 3734 Plerosque
446 3664 538 3741 triunq
551 3660 713 3712 fabularum
733 3663 886 3730 reliquias,
913 3678 985 3731 quae
1005 3663 1041 3714 ad
1059 3680 1118 3716 rem
1136 3667 1256 3715 nostram
1274 3653 1328 3708 nihil

261 3746 439 3809 conterrent,
460 3749 553 3797 omisi.
589 3747 669 3798 Dicis
686 3763 772 3798 causa
790 3764 863 3799 nurrc
881 3764 967 3798 unum
984 3749 1174 3816 fragmentum
1194 3737 1328 3814 Hyperholl

260 3831 404 3883 Platonici
438 3832 577 3898 attingam
607 3847 650 3900 ap.
678 3831 773 3884 Schol.
801 3831 889 3882 Arist.
910 3833 976 3882 Avv.
1003 3835 1062 3886 lat.
1089 3841 1119 3885 et
1142 3833 1254 3886 Suidam
1276 3844 1293 3880 s.
1310 3837 1329 3870 t·

216 3903 221 3915 ¹
259 3914 355 3986 εὔερον.
374 3913 449 3967 Satis
467 3921 547 3966 recte
567 3917 658 3982 igitur
668 3916 839 3980 scholiasta,
858 3917 908 3969 sed
924 3917 1075 3971 admodum
1090 3927 1222 3989 corrupte
1237 3911 1327 3970 suidas.

259 4001 370 4055 Versus
390 4005 458 4052 suut
478 4000 636 4068 Glycoaei:
659 3997 661 4002 ⁴

563 4087 608 4138 aul
624 4088 749 4142 τοσοῦτον
768 4083 868 4154 adredus

540 4165 543 4174 ’
562 4169 735 4224 ἀπολέλαυκεν
757 4167 929 4242 Ὑπέρβολος,

562 4250 626 4306 ὅστ’
642 4251 814 4324 αὖχμολτντός
829 4260 908 4308 ἔστιν.

240 4338 290 4386 ·ln
311 4337 491 4405 αι’·χμώτατος
520 4355 574 4392 non
596 4339 721 4393 offendo·
756 4340 834 4394 Malo
857 4339 990 4398 Dubreus
1009 4343 1045 4398 ad
1063 4344 1135 4399 Nub.
1153 4345 1209 4398 518.
1228 4339 1326 4393 netem

259 4423 630 4493 coristituithiupolideum.
