2770 5082
532 193 538 202 “
608 224 675 276 ·--
736 213 820 294 tm
859 230 936 274 ·-

194 423 321 488 Piraeei
336 415 543 487 munitionem
561 416 736 497 decretam,
760 413 964 498 OlLXXll,
979 423 1011 482 t.
1031 414 1337 506 archontelliogneto

183 529 373 611 inceptant,
392 521 453 586 101.
467 517 608 600 LXXll,
626 529 659 586 2.
681 519 1024 604 archonte-Hybrilide
1049 543 1069 584 a
1088 525 1259 609 superioris
1276 526 1339 586 anni

196 626 402 694 archontibus
424 623 579 690 Merottrii
600 635 739 695 statuam
760 624 940 688 dedicatam
961 625 1089 710 suisque
1110 624 1338 689 nominibusin·

195 734 346 818 signitam
374 751 446 794 esse
474 729 657 800 existimat}
699 728 784 814 quod
812 740 847 790 ut
873 726 1057 807 confirmet,
1087 729 1248 816 Ktssplclec
1271 730 1339 812 apud

195 833 393 918 Hesychium
415 843 448 896 et
469 831 661 896 Favorinum
678 842 862 914 corruptum
881 841 912 894 et
926 832 959 892 in
973 828 1158 917 Ὑβριλίδου
1173 832 1338 894 mutandum

110 1015 112 1026 ,
180 931 269 1002 'esse
291 947 416 1011 censet,
442 945 535 1020 quern
552 929 607 1016 Ol.
623 931 766 1014 LXXII,
785 939 818 996 2.
839 931 1024 998 archontum
1048 934 1151 997 luisse
1173 946 1337 997 constater

183 1039 294 1106 'Paua
313 1037 373 1104 vl.
399 1044 433 1118 9,
454 1043 488 1101 2.
518 1045 551 1100 et
575 1033 713 1118 Dionys.
736 1033 847 1100 Halic.
873 1037 971 1122 antiq.
993 1055 1074 1100 rom.
1095 1033 1173 1100 Vll.
1197 1055 1228 1121 p.
1247 1041 1336 1102 1313.

166 1173 173 1180 -
198 1140 293 1218 Quod
316 1141 377 1205 etsi
400 1151 492 1204 acute
512 1137 676 1202 inventurn
698 1152 764 1214 est,
786 1159 851 1201 non
870 1159 1004 1223 possum
1021 1139 1260 1204 tamen‘iacere
1277 1141 1337 1226 quin

196 1247 320 1324 latoar',
342 1241 475 1308 multum
491 1240 573 1306 illud
589 1241 668 1304 mihi
693 1239 735 1304 ab
756 1243 829 1326 ipsa
850 1243 985 1306 raritate
1008 1241 1127 1314 distare
1147 1243 1257 1306 videri.
1299 1241 1337 1306 lle

195 1350 334 1434 primum
357 1343 595 1410 Themistocles
617 1341 813 1408 archon·Ol.
835 1342 963 1424 Lxxt,
986 1353 1022 1408 4.
1042 1365 1107 1408 uon
1127 1344 1230 1408 solutu
1246 1357 1336 1407 auctor

198 1453 308 1515 extitit
319 1449 447 1514 Piraeei
463 1447 635 1526 nonniondi,
653 1447 710 1510 sed
726 1449 797 1531 ipse
811 1467 937 1532 queque
951 1467 1083 1511 manum
1101 1451 1193 1533 operi
1209 1449 1335 1512 adnuerit.

197 1554 273 1619 vid.
295 1551 442 1635 Thucyd.
461 1549 487 1615 Ι.
512 1555 571 1615 93.
620 1547 706 1612 Turn
731 1549 916 1614 emendatio
945 1551 1086 1616 nominis
1109 1553 1282 1638 Κεβρὶδος,
1305 1571 1335 1611 ne

184 1659 304 1722 -tlicam
326 1653 487 1732 violenta,
521 1652 652 1716 minime
672 1667 781 1716 tamen
801 1653 984 1716 necessaria
1011 1665 1071 1721 est.
1124 1651 1267 1740 Namque
1290 1655 1336 1716 cir-

91 1813 93 1820 .
199 1757 420 1839 cumspicieuti
437 1753 619 1817 ultro'sesa
642 1756 780 1818 offerunt
805 1753 934 1840 Olymp.
957 1752 1117 1832 LXXlll,
1141 1763 1175 1821 2.
1191 1769 1222 1820 et
1236 1758 1273 1835 3,
1294 1755 1335 1840 qui

198 1863 237 1924 iu
260 1860 355 1924 lastis
376 1857 492 1940 Atticis
514 1855 721 1920 archontibus
742 1860 811 1921 suis
838 1871 965 1938 carent,
990 1859 1036 1921 ita
1061 1870 1098 1922 ut
1128 1859 1333 1923 alteriusutrius

200 1959 372 2026 Gabrielem
389 1959 574 2024 archontum
589 1959 686 2023 luisse
702 1958 787 2022 haud
802 1959 973 2024 absurdum
988 1961 1031 2025 sit
1046 1963 1212 2047 suspicari.
1244 1959 1333 2044 Neque

198 2065 354 2148 estquod
377 2065 411 2125 in
431 2084 471 2126 eo
491 2061 715 2142 offendamus,
740 2063 825 2148 qrrod
849 2065 896 2128 sic
916 2065 1100 2148 ponentium
1123 2077 1188 2146 est,
1214 2076 1282 2149 post
1296 2066 1332 2124 in·

199 2165 349 2232 choatam
364 2166 589 2229 munitionem
617 2185 679 2228 sex
704 2180 869 2250 septemve
888 2169 979 2256 anuis
1000 2179 1142 2232 statuam
1166 2171 1255 2232 istam
1277 2184 1333 2229 esse
1366 2199 1367 2208 κ

200 2267 403 2334 collocatam.
457 2266 574 2332 'l'otuur
591 2287 672 2350 opus
687 2289 751 2330 non
767 2291 832 2332 uno
848 2291 933 2334 auno
953 2265 1136 2334 absolutum
1153 2285 1217 2345 est;
1236 2273 1257 2334 ii
1272 2285 1332 2354 quo·

200 2395 260 2458 que
286 2373 340 2456 qui
360 2368 591 2434 inchoaverant
612 2391 675 2432 nou
697 2367 861 2434 habebant
884 2370 986 2435 altero
1000 2371 1052 2437 vel
1067 2376 1163 2438 tortio
1178 2395 1255 2436 anne
1268 2368 1331 2457 quod
1366 2363 1367 2372 ’

199 2477 239 2540 de
257 2468 408 2538 inchoato
423 2491 518 2558 opere
533 2471 759 2557 gloriarentur.
785 2469 872 2547 Quin
885 2475 999 2560 igitur,
1020 2478 1050 2539 si
1070 2485 1168 2540 sexto
1183 2478 1331 2561 septimove

199 2599 285 2680 annp
302 2577 430 2640 Piraeei
441 2577 648 2640 munitionem
666 2574 846 2639 absolutam
863 2597 952 2656 esse,
978 2580 1068 2664 ipses
1084 2583 1138 2664 qui
1155 2578 1332 2644 absolverunt

200 2678 372 2744 archontes
405 2680 438 2741 in
469 2677 566 2741 huius
593 2678 670 2768 facti
700 2678 838 2764 gloriam
865 2693 1107 2745 monumentum
1140 2677 1331 2768 aliquodcu-

200 2785 380 2858 suuxisrn,
412 2794 480 2844 tum
503 2801 563 2847 sos
587 2801 729 2864 queque,
760 2803 892 2867 quorum
920 2785 1074 2868 auspiciis
1100 2799 1244 2870 coeptum
1268 2799 1329 2865 opus

201 2897 314 2962 esset,
335 2881 561 2949 aemulationis
586 2879 702 2945 caussa
724 2887 955 2954 statuamsuis
970 2885 1157 2951 nominibus
1175 2888 1330 2972 insignitam
1365 2951 1366 2962 χ

200 2985 378 3051 collocasse
398 2983 574 3069 ponamus}
622 2983 707 3048 Turn
723 3000 807 3054 certe
828 2985 924 3054 lectio
950 2989 1109 3077 Κεβρίὸος
1129 2989 1237 3069 libris,
1258 2987 1330 3050 lastis

199 3088 315 3154 Atticis
332 3087 452 3152 ar'chon
468 3085 600 3169 Olymp.
610 3086 769 3167 LXXIII,
785 3097 817 3152 2.
829 3087 879 3152 vel
892 3095 925 3154 3.
941 3093 1156 3178 assignandus
1172 3102 1330 3156 servaretur.

198 3191 244 3286 At
267 3193 319 3256 his
342 3212 470 3278 quoque
488 3190 624 3276 argutiis
649 3191 782 3254 minime
805 3211 887 3276 opus
917 3213 990 3258 esse
1014 3195 1231 3262 demonstrare
1254 3209 1330 3279 posse

198 3295 279 3360 mihi
302 3295 424 3360 videor.
775 3314 777 3322 ·

297 3397 449 3470 Scilicet,
475 3395 537 3458 nisi
558 3396 668 3458 omnia
694 3415 747 3460 me
768 3393 904 3473 fallunt,
929 3419 1063 3482 prorsus
1086 3397 1153 3464 alia
1173 3401 1232 3464 fuit
1245 3408 1328 3462 statua

200 3521 294 3586 quant
317 3499 350 3564 h.
365 3497 388 3563 l.
408 3496 589 3561 Pausanias
611 3511 643 3561 et
661 3495 699 3560 ll.
716 3496 1063 3587 ll.'Hesyehius=atque
1081 3503 1253 3582 Favorinus
1271 3497 1327 3560 affe«

200 3614 292 3680 rrrnt,
312 3599 433 3692 Ἐρμῆς
447 3598 622 3691 ἀγοραῖος,
648 3622 748 3686 prope
772 3600 920 3685 poecilen
941 3617 1044 3668 stoam
1066 3605 1326 3684 collocatamque

198 3697 364 3787 ‘Eoris-6
396 3705 479 3793 πρὸς
510 3705 551 3795 τῇ
578 3704 688 3770 πυλίδι
720 3694 995 3788 Harpocratiohis.
1047 3705 1105 3770 De'
1132 3721 1259 3792 utroque
1280 3719 1328 3763 ser-

201 3825 331 3870 monem
364 3806 442 3870 fecit
470 3803 701 3885 Philochorus,
741 3806 926 3892 etquidem
958 3809 998 3872 de
1032 3807 1134 3873 altero
1161 3817 1195 3878 ἐν
1221 3807 1326 3888 πέμπτῳ
1364 3779 1365 3810 ¹

197 3901 364 3988 Ἀτθίδος,
396 3908 435 3971 de
456 3909 563 3990 priore
589 3908 630 3973 ἐν
653 3904 799 3996 τ’ρίτῳ.
839 3908 933 3972 Haec
957 3925 1109 3976 couneus
1133 3924 1182 3976 est
1202 3911 1327 3991 scripturo

83 4089 89 4103 ι
199 4010 354 4076 librorum
378 4007 536 4093 Hesychii
559 4021 651 4094 atque
673 4009 843 4088 Favorini,
878 4033 972 4096 quatu
994 4035 1162 4098 perperam
1183 4009 1325 4077 Cominus,

200 4127 236 4177 ut
255 4135 329 4178 cum
351 4111 610 4197 Harpocratione
633 4109 683 4174 illi
700 4114 733 4174 in
752 4133 787 4174 re
805 4113 1025 4178 diversissima
1048 4117 1153 4201 (quod
1171 4137 1229 4179 nou
1249 4103 1324 4186 vidit)

202 4217 439 4297 conspirarent,
476 4217 509 4280 in
532 4211 565 4277 ἐν
587 4219 720 4296 πέμπτῳ
750 4216 868 4276 mutari
889 4215 1006 4281 uoluit.
1057 4217 1230 4284 Considunt
1252 4203 1323 4275 simul

203 4318 328 4389 antula,
348 4339 431 4402 qnae
452 4313 638 4381 Boeokhius
652 4314 692 4378 de
710 4311 881 4398 Hybtilide
897 4338 1020 4404 nosque
1037 4321 1077 4384 de
1092 4319 1223 4386 Cehride
1242 4317 1324 4394 dispu-
