2822 5088
625 157 940 274 -er-·

295 415 298 423 ι
352 401 385 462 3.
437 394 497 462 De
525 374 863 480 Megertruiiinr
886 388 1230 458 Ge‘imnnorum‘

188 559 194 583 ¹
293 539 385 638 Quos
410 541 544 607 Tacitus
564 551 732 662 prebepper
755 535 914 636 appella't,
946 541 970 605 ii
994 543 1186 637 saepissime
1210 559 1276 604 non
1300 537 1357 602 alii
1400 587 1401 646 ι

192 655 286 724 suut,
312 669 407 738 quam
426 646 577 732 praefecti
593 641 684 737 pagis
708 660 740 710 et
761 641 961 730 regionibus,
988 643 1125 730 quaein
1148 644 1243 730 pagis
1266 657 1358 706 erant

185 742 241 831 (si
259 767 370 841 verum
396 763 462 834 est,
491 746 572 842 quod
590 743 695 812 iales
686 771 748 811 ratu
773 747 862 811 illius
885 757 990 810 aetate
1007 747 1116 810 fuisse
1131 745 1255 830 posui).
1304 743 1357 806 ln·

191 837 315 914 'tardum
329 832 437 916 tamen
463 852 621 936 principes
636 851 789 938 intelligit
805 851 903 914 duces
920 833 998 911 beili
1013 859 1045 911 et
1066 845 1211 926 nobiles,
1235 869 1290 934 qur
1278 845 1359 910 'vel

191 952 308 1015 virtute
332 952 397 1016 v'el
400 955 505 1040 gratia
525 967 557 1018 et
579 949 725 1040 opibus
715 968 798 1017 mter
820 949 1057 1015 'multitudinem
1081 947 1304 1028 excellerent,
1329 963 1359 1012 et

189 1051 243 1116 vel
263 1076 369 1142 reges.
422 1053 484 1118 His
510 1053 722 1178 principibus,
750 1058 818 1119 sive
843 1055 1051 1140 magistratus
1073 1054 1141 1116 sive
1164 1053 1265 1117 duces
1278 1049 1360 1116 belh

188 1153 326 1240 fuerint,
336 1155 501 1222 Ge'rmt'mi
524 1155 604 1222 nihil
627 1159 689 1222 nisi
712 1145 852 1244 gratuita
875 1155 960 1220 don'a
986 1153 1168 1244 pendebant
1189 1169 1273 1220 teste
1294 1153 1359 1217 Ta·

121 1297 127 1314 .
189 1255 256 1322 'cito
272 1259 311 1322 de
328 1257 435 1323 Germ.
458 1281 483 1324 o.
504 1263 562 1325 1‘5.
588 1261 665 1324 Mor
688 1262 735 1324 est
758 1259 941 1324 ciuitatibus
964 1261 1051 1322 ultro
1074 1281 1114 1322 uc
1139 1263 1261 1322 viritim
1286 1279 1360 1321 con·
1401 1275 1402 1290 ¹

181 1343 286 1438 ferre
302 1361 505 1447 principibus
533 1365 588 1428 vel
610 1371 825 1428 armeniorum
848 1364 902 1426 vel
914 1361 1076 1444 frugum,
1108 1361 1193 1448 quod
1217 1381 1281 1445 pru
1307 1359 1360 1423 leo·
1401 1381 1402 1384 ¹

189 1483 269 1527 nore
290 1473 457 1548 acceptum
483 1472 579 1530 etiam
601 1465 843 1529 necessitutibus
868 1453 1028 1538 rrrbveu'rt3
1058 1463 1206 1546 gaudent
1225 1469 1361 1546 praeci·

189 1565 255 1650 'pue
268 1567 487 1644 finitimorum
503 1559 645 1652 gentium
665 1567 778 1646 dorric,
801 1587 888 1660 quae
896 1585 959 1629 non
972 1565 1104 1650 reodola
1117 1565 1275 1648 rirrgulir,
1302 1565 1362 1628 red

190 1665 343 1754 prrdlice
336 1673 524 1762 mitteretur:
550 1670 648 1732 electi
664 1675 746 1754 equi,
768 1679 888 1752 retegere
907 1665 1012 1746 arina,
1036 1665 1199 1750 pbrcler‘ue
1214 1672 1361 1750 torqueu-

190 1765 261 1850 que.
312 1767 406 1831 Haec
433 1783 525 1834 erant
551 1771 636 1834 dorca
661 1791 789 1844 enarre,
817 1767 984 1836 annualia
1009 1787 1102 1854 quae
1112 1765 1336 1832 dicebantur'
1326 1790 1361 1832 m

189 1889 292 1954 regno
306 1853 522 1951 cronicorum,
549 1893 691 1958 quaeque
713 1869 845 1958 regibus
865 1869 1051 1936 ferebantur
1074 1893 1175 1935 caure
1199 1890 1283 1936 ceree
1309 1871 1363 1935 de·

181 1971 353 2050 senriorem
363 1995 404 2037 uc
419 1973 635 2066 republicae,
645 1988 680 2038 ut
686 1975 743 2038 'est
759 1975 844 2059 apud
861 1973 1074 2039 llincmarum
1088 1971 1121 2036 in
1137 1963 1403 2047 Quaterniooe

187 2093 221 2192 p
239 2077 325 2138 405.
337 2081 430 2164 406.
482 2075 655 2164 Proptereri
681 2078 778 2140 etiam
801 2074 887 2140 donn
914 2083 1009 2159 regia
1030 2069 1305 2171 appellabantur,
1333 2090 1363 2139 et

80 2244 82 2253 y
189 2195 225 2236 ru
239 2175 282 2238 irs
298 2197 370 2260 equr
389 2187 496 2257 erant
519 2193 553 2241 ut
577 2179 660 2262 apud
664 2171 838 2242 'l'acuum
889 2175 983 2241 Haec
1005 2177 1089 2241 dona
1112 2175 1191 2240 olim
1215 2177 1340 2242 ultro’
1330 2199 1363 2241 ιιι

192 2279 316 2362 campis
336 2275 448 2343 Martii
472 2293 504 2343 et
523 2274 603 2346 Maii
620 2265 828 2360 ferebantur,
854 2291 967 2366 postea
991 2293 1098 2344 antem
1122 2277 1210 2364 plebi
1235 2294 1364 2346 extorta

148 2369 149 2374 ἵ
191 2399 211 2442 a
233 2379 420 2466 proceribus
439 2381 542 2468 Regni
568 2379 700 2476 regibus
722 2380 941 2446 tradebantur.
982 2369 1140 2446 Annales
1151 2381 1365 2447 'Laurrsham

189 2481 332 2560 minores
355 2488 429 2548 anni
457 2486 540 2550 753.
562 2485 672 2576 apud
665 2467 772 2548 i‘e'rtz.
793 2479 869 2549 Vol.
892 2481 917 2547 Ι.
943 2506 974 2568 p.
1001 2489 1083 2548 116.
1103 2492 1137 2550 tu
1164 2479 1364 2552 dieMurtir
1403 2547 1404 2600 p

192 2605 323 2673 compo
326 2589 498 2654 nectendum
520 2568 685 2676 antiquum
709 2587 964 2655 consuetudinem
991 2587 1075 2652 dorm
1101 2588 1236 2672 regibus
1259 2612 1283 2656 a
1306 2611 1363 2675 po
1403 2601 1404 2678 t

739 2807 751 2840 ἓ

152 2891 161 2904 1
200 2903 205 2914 .
258 2870 408 2937 antiquum
427 2883 537 2922 morem
559 2872 764 2932 revocarunt),
791 2867 1027 2938 quemadmodum
1046 2868 1181 2922 Aliredus
1200 2871 1243 2924 Μ.
1266 2879 1366 2926 cente·

160 3003 161 3006 ,
199 2993 203 3000 .
257 2968 312 3005 nas
335 2969 391 3007 non
415 2958 508 3008 solum
531 2953 612 3006 furta
636 2959 667 3008 et
685 2955 817 3020 rapinas,
845 2953 897 3008 ced
922 2968 1035 3008 omnem
1062 2957 1189 3008 omnium
1208 2957 1240 3008 iu
1259 2960 1369 3010 finibus

259 3041 321 3091 euin
344 3041 432 3092 vitam
458 3031 607 3114 praepturc
635 3040 733 3090 iussit.
768 3037 879 3112 Locus,
906 3054 961 3108 quo
981 3039 1147 3108 liloutesqu.
1174 3045 1288 3106 utitur,
1322 3044 1369 3096 hio

260 3131 321 3177 est:
353 3124 654 3178 Decretio.Cidotarii
677 3125 756 3190 regis
781 3139 804 3175 c.
827 3127 851 3178 1.
875 3122 1013 3176 'decretum
1036 3131 1088 3189 ert,
1113 3133 1144 3176 ut
1160 3123 1227 3191 q'uia
1245 3125 1276 3179 in
1294 3127 1369 3197 vigi-

219 3241 222 3248 ,
259 3208 314 3263 tiae
332 3209 490 3272 recentatur
509 3217 667 3262 nocturnus·
677 3197 761 3277 fureo
780 3217 834 3262 ndu
853 3215 997 3274 caperent,
1022 3224 1052 3260 eo
1076 3211 1150 3276 quod
1168 3227 1221 3279 per
1244 3212 1369 3266 divertat

258 3294 434 3348 intercedente
452 3291 575 3348 conludio
587 3294 703 3346 »seelera
721 3291 914 3360 praetermitte
940 3294 1077 3346 custodiae
1091 3305 1274 3363 *enormem
1302 3298 1370 3352 Cea-

259 3385 336 3430 ienae
347 3378 430 3448 fieri,
452 3379 481 3432 in
499 3395 554 3446 qua
573 3377 691 3433 Centena
710 3377 769 3448 (ri)
790 3377 895 3445 aliquid
912 3376 1070 3444 deperierit,
1097 3380 1217 3447 capitata
1240 3382 1293 3450 qui
1307 3399 1369 3452 per-

258 3456 379 3527 diderat,
395 3462 524 3530 recipiat,
546 3471 573 3515 et
587 3461 855 3530 Ιιιινιιιιιιεᾳιιιιιιιν.Ι
879 3464 922 3516 Ex
939 3462 992 3515 boe
1011 3465 1075 3516 ioco
1094 3467 1209 3520 videtur
1226 3470 1370 3538 colligen-

259 3546 332 3602 dum.
345 3563 425 3611 esse,
451 3550 578 3602 minores
595 3548 878 3620 regiones,·quibus
896 3549 1029 3616 publicae
1045 3554 1213 3606 securitatis
1230 3557 1369 3608 custodia

260 3633 397 3684 mandata
418 3639 497 3695 erat,
524 3649 580 3685 non
599 3635 767 3696 suffecisse,
796 3649 882 3702 quum
902 3633 1031 3686 latrones
1050 3633 1137 3686 focile
1157 3637 1187 3688 iu
1212 3639 1371 3691 finitimum

193 3755 197 3764 .
246 3718 408 3783 regionem
432 3718 615 3786 aufugerent:
643 3724 817 3790 quapropter
843 3716 897 3769 hoe
920 3718 1037 3774 decreto
1067 3722 1193 3774 aratores
1219 3727 1371 3793 regiones,

187 3819 208 3848 v.
262 3808 412 3866 centenae,
425 3807 663 3873 coanimantur,
683 3821 720 3858 ne
739 3787 810 3870 lugd
827 3803 970 3856 lutronum
989 3804 1288 3874 tamtucilisfieret,
1311 3813 1372 3864 sire

252 3891 486 3944 ,centenaetum
513 3890 626 3943 demum
655 3890 816 3954 descriptae
843 3888 920 3949 siut,
954 3891 1015 3942 aiva
1043 3905 1117 3958 quun
1144 3892 1203 3944 iam
1231 3897 1375 3951 extabant

186 3989 188 3998 ’
214 4013 216 4018 .
263 3977 401 4024 centenae
419 3974 450 4023 iu
469 3969 534 4038 boc,
543 3973 666 4026 decreto
676 3973 889 4040 cigniticcntur,
910 3988 975 4026 nam
993 3991 1045 4043 per
1063 3976 1191 4044 linguam
1208 3978 1292 4032 ultra
1311 3983 1375 4032 bar-

260 4059 372 4110 bariam
391 4057 453 4109 eius
475 4059 581 4132 aetatis
598 4058 749 4109 barbaram
774 4072 809 4109 cx
827 4056 881 4110 hoo
901 4059 1017 4112 decreto
1043 4067 1126 4114 certo
1155 4061 1292 4118 iudicare
1317 4082 1375 4118 non

193 4181 197 4188 -
262 4144 343 4196 licet.
378 4143 417 4194 Ae
436 4143 659 4211 Montesquierii
684 4143 782 4210 opinio
807 4141 878 4196 mibi
903 4145 991 4196 etiam
1016 4143 1070 4198 boe
1092 4147 1208 4200 nomine
1227 4151 1375 4219 improbu-

199 4254 203 4260 ,
262 4233 329 4291 tur,
353 4228 430 4297 qnod
453 4227 767 4295 regennarbarornn,
791 4228 820 4282 ei
842 4245 899 4284 uon
924 4245 1022 4286 omncs
1042 4231 1196 4296 literarum
1221 4238 1377 4305 consigna·

181 4327 189 4356 ·.
261 4313 361 4375 tione,
388 4319 478 4368 certe.
491 4313 588 4389 rebus
602 4313 798 4382 antiquiores,
824 4323 908 4382 quam
924 4313 986 4368 ’boc
1010 4313 1176 4380 decretum,
1190 4363 1192 4373 .
1206 4322 1376 4389 complures

186 4428 191 4442 .
262 4403 446 4454 ιιιιιιιιιιιιιιιιιι
463 4401 638 4454 mentionem
657 4399 776 4455 fuciunt.
