2800 5082
594 190 886 276 ...se-

155 405 208 467 rit.
224 408 257 465 t.
270 404 299 481 ς.
318 404 375 466 to.
399 397 531 466 ladtcer
546 397 750 483 mgurms
770 400 954 474 eamus,
985 389 1101 466 Verres·
1109 394 1345 489 stenedla-

158 511 261 592 pmt‘tr'
275 511 394 569 tertios
409 503 624 568 Romanorum
640 499 681 565 nd
696 501 782 575 illst,
809 506 1055 586 pstoeeupstas
1075 508 1209 577 terret,
1234 499 1345 578 atfa-

163 617 244 671 sort
256 617 290 670 et
302 608 454 670 Romanu
471 625 534 670 rso
547 609 731 672 reuertere
743 609 1023 671 remmom
1041 603 1157 686 adipso
1173 601 1346 672 dilutione

159 715 355 788 sortierunt,
375 719 414 772 ut
425 697 739 784 sidilfirco'dedest
749 705 918 790 deperire,
938 704 960 768 i.
976 725 1004 770 e.
1023 703 1077 771 die
1093 702 1236 782 Greisa,
1253 701 1345 769 Aut-

161 811 261 874 seher
275 812 334 874 der
348 809 460 874 Villee
475 809 539 872 nnd
555 809 788 894 Vorgesststen
806 805 910 874 sollea
920 807 985 875 die
1001 805 1118 876 Drittel
1139 808 1198 872 der
1214 803 1344 871 Romae

165 915 290 992 denen,
312 915 364 977 die
380 911 452 976 sielr
466 910 630 976 dieselhen
647 922 852 998 ongernasst,
871 907 1012 979 waren
1028 907 1096 974 und
1107 911 1177 978 aton
1192 907 1342 975 Riireern

39 1001 42 1006 ¹
168 1020 230 1080 mit
250 1013 429 1079 Verbelmlt
449 1013 569 1097 jedoolr
596 1033 662 1080 von
689 1013 790 1080 deren
817 1009 957 1100 Abgabe
986 1012 1089 1098 (odor
1108 1011 1346 1096 Leistongsn)

168 1117 254 1182 ohne
273 1118 403 1203 Ver-ang
425 1117 545 1182 wieder
570 1127 740 1195 erstattem
775 1115 878 1180 demit
899 1115 973 1180 dam
988 1113 1113 1181 Eisone
1140 1112 1252 1181 niehts
1275 1133 1346 1186 ton

159 1222 282 1304 'reinen
314 1215 511 1284 Einkiinfte'n
545 1233 704 1305 entzogen
738 1219 855 1284 werde.
903 1215 999 1282 Unde
1031 1237 1111 1284 snae
1136 1213 1346 1294 olerum.fit,

167 1321 385 1405 provinciales
399 1320 453 1386 uel
465 1321 606 1408 vectigal
621 1343 677 1406 pro
693 1321 800 1386 tertiis
815 1321 884 1388 suis
897 1318 1054 1399 solvisse,
1075 1316 1129 1384 vol
1147 1317 1216 1386 alia
1229 1315 1347 1388 efficia

168 1422 401 1510 qualiacunque
423 1427 649 1508 praestitisset.
666 1437 698 1488 at
720 1421 874 1489 Germani
888 1443 953 1489 non
967 1426 1056 1492 item·
1107 1417 1259 1506 Namque
1282 1419 1346 1486 lex

79 1571 85 1586 .
163 1524 259 1590 iubet
274 1529 386 1590 tertias
408 1547 486 1592 srras
508 1523 762 1610 provincialibus
780 1523 938 1610 relinqui,
964 1537 1114 1609 vetatque
1130 1545 1151 1588 a
1165 1522 1347 1591 Germanis

129 1617 139 1630 “
167 1631 319 1708 retineri,
354 1651 394 1692 ne
421 1630 497 1714 qnid
519 1627 619 1694 tinus
648 1629 759 1692 damni
787 1629 906 1692 ieoiatt
937 1627 1022 1692 unde
1052 1628 1278 1714 cognoscitur,
1316 1627 1348 1690 si

169 1729 324 1796 Germani
341 1745 375 1796 et
394 1733 456 1815 ipsi
479 1729 619 1818 vectigal
637 1731 886 1816 pependissent,
911 1729 1045 1814 perinde
1066 1731 1167 1795 fuisse
1191 1727 1346 1814 nihilque

169 1831 242 1896 fisci
258 1834 460 1910 interfuisse,
479 1831 632 1899 Germani
647 1855 689 1896 an
712 1829 926 1918 provinciales
947 1831 1090 1898 debitum
1111 1830 1255 1918 vestiget
1275 1829 1348 1898 sel·

170 1950 328 2000 retentet
344 1935 571 2000 debitaofficia
593 1947 808 2021 praestarent.
856 1933 953 1999 Hane
973 1937 1177 2000 exustionem
1198 1935 1349 2021 vestiga·

170 2036 251 2100 lium
272 2037 518 2122 prnvinoialium
537 2037 719 2104 cassiodor.
742 2043 774 2100 1.
789 2037 891 2124 Epist.
909 2045 968 2102 14.
992 2045 1026 2102 2.
1041 2039 1145 2123 Epist.
1164 2041 1210 2102 17
1226 2052 1260 2106 et
1279 2042 1345 2103 37.

172 2147 342 2204 tertiorum
366 2143 544 2206 illationem
564 2152 600 2206 et
620 2139 849 2206 redibitionem
870 2151 978 2204 voest:
1007 2161 1083 2204 nam
1101 2137 1200 2206 verbo
1216 2148 1345 2208 tertiae

171 2262 237 2304 non
263 2241 483 2328 significemur
511 2246 627 2308 tertiae
648 2257 756 2328 partes
779 2223 956 2328 proventus
981 2253 1015 2310 et
1045 2244 1206 2328 fruetuum
1235 2245 1347 2332 (quae

169 2357 284 2430 postea
309 2367 371 2408 non
398 2341 497 2408 rebus
528 2343 727 2410 naturalibus
749 2345 808 2409 sed
826 2343 962 2432 peeunia
983 2343 1110 2410 solutae
1136 2350 1251 2434 sunt),
1285 2347 1348 2411 sed
1383 2428 1387 2434 Ι

84 2467 86 2472 ·
172 2450 318 2530 vectigal
329 2467 374 2511 ex
388 2455 493 2512 tertiis
507 2449 756 2533 provincialium
777 2456 956 2533 erogatum.
1008 2447 1099 2512 Idem
1120 2445 1347 2515 Cassiodorus

173 2561 328 2629 testatur,
356 2573 397 2614 ex
422 2548 506 2614 binis
531 2553 634 2618 tertiis
654 2553 809 2616 victorum
833 2551 875 2615 ad
894 2547 1007 2615 fiscum
1023 2551 1163 2640 vectigal
1177 2551 1347 2618 contribu-

173 2668 240 2716 tum
263 2675 355 2732 esse,
384 2669 415 2717 et
431 2665 598 2739 utrumque
615 2652 775 2741 uectigal,
800 2665 869 2718 tnm
891 2655 1046 2718 vietornm
1070 2668 1138 2720 tum
1163 2653 1348 2720 debellato·

93 2775 97 2786 ·
173 2777 264 2833 rum,
286 2764 489 2820 straet-torrem
514 2756 663 2822 binarum
685 2767 720 2821 et
739 2767 905 2821 ternarum
929 2755 1083 2840 appellat.
1135 2755 1255 2839 Addit,
1280 2758 1347 2824 hoo
1394 2821 1395 2832 ,

172 2855 311 2943 uectigal
334 2861 527 2942 pertinuisse
554 2859 594 2922 ad
621 2859 748 2923 Comae
769 2879 940 2924 sacrorum
967 2860 1180 2944 largitionum
1203 2859 1346 2942 trffleimr

176 2963 208 3023 3.
225 2959 327 3044 Epist.
345 2966 377 3024 8.
394 2974 426 3026 et
444 2965 475 3024 7.
492 2961 593 3044 Epist.
612 2966 672 3027 20.
689 2965 748 3024 21.
767 2967 827 3025 22.
855 2957 950 3026 Conf.
966 2960 1059 3026 Paul.
1077 2959 1282 3030 Warnel'rid.
1301 2963 1345 3030 de

174 3059 279 3125 Gestis
294 3062 504 3148 Langobard.
521 3069 555 3140 2,
574 3069 632 3128 32.
683 3063 728 3127 At
742 3059 801 3128 illa
814 3063 933 3148 scripta
955 3077 1031 3130 sunt
1051 3066 1091 3130 de
1113 3059 1347 3154 Ostrogothis,
1393 3149 1394 3158 ἵ

173 3167 226 3250 qui
250 3167 283 3229 in
305 3165 414 3230 multis
436 3187 456 3228 a
477 3165 591 3230 ceteris
611 3163 782 3229 Gennanis
804 3165 997 3233 recedebant
1019 3182 1052 3232 et
1070 3166 1348 3236 Romanisxslmi-
1393 3167 1394 3189 ¹

170 3265 238 3330 lius
262 3267 414 3352 egebant.
467 3265 619 3332 Ceterum
639 3270 705 3332 iam
727 3265 910 3333 Odoaorum
938 3269 973 3334 id
1002 3273 1191 3337 immutasse
1216 3285 1349 3338 eonstat

174 3389 219 3430 ex
238 3371 422 3432 testimonio
441 3369 607 3454 Procopii,
633 3374 686 3456 qui
708 3371 807 3436 refert
827 3371 919 3435 illum
945 3393 1056 3460 regem
1072 3377 1210 3461 imperio
1225 3374 1347 3440 ltaliae
1392 3443 1393 3458 χ

173 3472 309 3553 potitum
330 3473 368 3541 τὸ
389 3469 598 3562 τριτημόριον
623 3475 689 3540 τῶν
711 3467 823 3563 ἀγρῶν
846 3477 891 3560 (ἰ.
910 3495 939 3539 e.
960 3476 1101 3562 vectigal
1117 3501 1135 3542 e
1153 3480 1258 3543 tertiis
1274 3501 1347 3566 per·
1392 3467 1393 3521 l

174 3573 324 3657 eeptum)
350 3573 474 3639 nivibus
494 3578 679 3657 remisisse,
707 3587 820 3664 enque'
831 3592 925 3662 pacto
940 3599 1052 3644 eorum
1067 3583 1194 3646 aninmo
1207 3580 1274 3656 suri
1291 3583 1348 3646 de·

175 3675 335 3738 vinxisse.
388 3678 517 3742 Etenim
537 3679 636 3766 Rugii
659 3693 693 3745 et
706 3680 822 3744 Heruli
834 3673 893 3744 snlr
908 3679 1059 3745 Odosero
1075 3682 1273 3750 obsnebsat
1286 3699 1350 3750 ter·

174 3777 251 3840 tiam
276 3790 399 3860 partem
420 3794 525 3844 terras
542 3781 665 3847 ltaliae.
706 3782 841 3868 Prosop.
861 3789 893 3846 1.
909 3781 946 3846 Β.
961 3782 1058 3848 Goth.
1076 3807 1148 3872 oep.
1166 3793 1199 3850 1.
1228 3787 1350 3870 Getho-

114 3951 128 3958 -
166 3900 247 3942 suas
270 3899 330 3963 ope
350 3894 488 3966 arrepta
510 3887 685 3966 tyranride
706 3887 855 3952 odoacer
873 3879 914 3952 sd
935 3882 1141 3976 τριτημόριον
1157 3889 1225 3956 ταῖν
1240 3888 1350 3982 ἀγρῶν

179 3980 292 4046 Gothis
313 3991 487 4059 coacessit,
500 3995 547 4048 et
566 4008 605 4050 eo
621 3997 723 4071 poeto
739 4009 847 4054 eorsrr
864 3996 988 4054 astum
1005 3989 1071 4055 ridi
1080 3993 1246 4058 desistit.

254 4081 382 4159 Quodsi
394 4087 493 4172 igitur
508 4085 727 4154 Prosinoiales
742 4093 845 4174 prime
862 4113 921 4176 pro
933 4094 1029 4178 agris.
1040 4093 1214 4180 vestigalin
1229 4117 1351 4181 pepen-

175 4185 307 4261 derunt,
334 4199 448 4272 postea
473 4201 582 4254 temen
606 4188 695 4255 brevi
719 4191 809 4258 nulls
827 4215 885 4258 eos
904 4194 1043 4260 solvisse
1062 4197 1222 4262 sidereus.
1275 4198 1349 4264 Nisi

176 4289 261 4369 qnod
284 4287 397 4353 Missis
422 4290 600 4357 llominieis
622 4308 655 4358 et
674 4292 794 4380 legatis
815 4295 955 4380 pnbliois
976 4297 1028 4362 rel
1045 4302 1087 4364 ed
1107 4297 1218 4364 enlarn
1233 4301 1290 4367 vel
1310 4299 1350 4366 ab

176 4386 253 4450 aula
275 4391 494 4472 venientibus,
522 4418 583 4460 neo
607 4411 716 4462 tamen
741 4396 923 4466 Coruitlbns
947 4399 1098 4467 vehicula
1118 4419 1152 4468 et
1174 4425 1295 4472 currus
1313 4405 1351 4468 ad
